3306 5010
795 27 993 94 ..20-

256 207 330 266 tum
353 200 590 268 secundarium
615 225 711 290 „oum
734 202 815 271 diva
834 203 1044 270 munerarios
1065 200 1216 268 ostendit
1230 201 1433 267 oscitantes“
1459 206 1536 284 (no-

255 307 405 374 tissimus
428 308 487 374 illc
509 331 636 395 versus,
661 331 762 396 quem
781 332 898 378 omnes
914 309 986 376 fere
1000 309 1155 378 homines
1170 309 1271 393 docti,
1287 309 1346 393 qui
1357 308 1536 374 Catullum

255 419 500 500 tractaverunt,
524 437 644 482 sanare
667 417 782 483 conati
804 420 894 500 sunt,
918 437 988 482 non
1011 422 1127 482 tamen
1142 421 1350 482 sanaverunt
1365 437 1471 501 usque
1487 413 1536 480 ad

254 519 320 586 boc
339 526 483 609 tempus,
498 528 538 588 ut
552 522 650 589 nobis
665 522 804 609 quidem
818 520 979 611 videtur),
994 522 1102 589 altero
1119 522 1193 587 loco
1211 518 1323 610 ,quod
1336 521 1534 588 involasti“.

254 627 410 694 Tertium
425 629 641 696 enuntiatum
656 627 892 696 secundarium
908 629 1013 695 finem
1027 626 1112 694 facit
1126 627 1233 694 totius
1248 627 1390 717 periodi,
1405 635 1446 694 ut
1465 627 1534 693 hoc

253 732 436 802 habeamus
470 735 620 804 schema:
656 734 863 838 Ata)A(b){.
897 735 1114 802 Simillimam
1135 733 1313 823 periodum
1334 734 1533 802 invenimus

254 947 425 1033 68,11-14
442 955 477 1014 et
493 946 612 1015 eodem
627 949 699 1016 fere
714 946 815 1015 modo
829 866 1019 1038 domposita
1041 954 1094 1014 est
1115 949 1285 1037 periodus,
1309 969 1395 1035 quae
1417 955 1532 1016 exstat

254 1055 292 1120 in
307 1055 455 1121 carmine
470 1056 515 1121 49
530 1055 579 1122 sic
594 1055 817 1124 conformata:
841 1055 1081 1157 A(a,b)A(c)r-i3
1104 1056 1221 1122 Etiam
1234 1061 1355 1142 quater
1372 1056 1531 1122 enuntia-

1048 1160 1071 1228 d

253 1271 329 1332 tum
350 1266 550 1356 primarium
572 1269 802 1359 interruptum
822 1276 874 1338 est
888 1268 1096 1336 sccrmdariis
1112 1270 1164 1354 68,
1180 1290 1318 1354 155—160
1332 1268 1399 1334 hoc
1413 1269 1530 1335 modo:

253 1371 629 1479 A(a)A(b)A(0)A(d)a‚
642 1399 722 1443 nam
733 1378 796 1444 hac
807 1377 846 1444 iu
859 1374 999 1466 periodo
1017 1376 1233 1442 enuntiatum
1247 1374 1447 1464 primarium
1463 1383 1530 1442 est:

593 1507 612 1551 e

533 1589 616 1658 Sitis
639 1591 755 1658 felices
778 1597 813 1658 et
835 1597 875 1658 tu
897 1589 1058 1658 simulet
1082 1596 1142 1657 tua
1168 1591 1243 1657 vita

531 1695 581 1764 Et
602 1696 721 1766 domus
744 1730 758 1764 r
773 1745 1242 1765 ................

251 1957 259 1994 l

530 2019 578 2086 Et
604 2020 708 2107 longe
735 2025 815 2086 ante
842 2040 959 2086 omnes
982 2067 1241 2086 .........

529 2126 607 2192 Lux
629 2147 714 2210 mea,
738 2173 1241 2192 .................

252 2236 412 2317 quattuor
435 2233 614 2298 enuntiata
635 2232 835 2300 secundaria
856 2231 1002 2298 relativa
1023 2230 1152 2297 inserta
1169 2237 1259 2315 sunt,
1276 2230 1436 2316 quintum
1451 2230 1529 2297 sub-

250 2337 413 2424 sequitur.

339 2444 413 2510 Iam
440 2444 614 2512 addendae
641 2450 722 2511 sunt
749 2466 808 2510 eae
834 2442 975 2534 periodi,
999 2465 1141 2530 quarum
1165 2443 1381 2511 enuntiatum
1402 2445 1528 2532 prima·

250 2549 340 2616 rium
361 2551 550 2619 includitur
572 2558 684 2618 totum
705 2549 916 2618 secrmdariis
938 2550 1003 2616 hoc
1022 2550 1123 2617 modo
1145 2550 1240 2635 azA,
1255 2552 1347 2619 utin
1362 2551 1415 2618 his
1430 2553 1527 2618 locis:

320 2762 370 2843 13,
386 2784 503 2848 13-14:
528 2761 628 2843 Quod
650 2768 690 2828 tu
712 2783 790 2829 cum
814 2762 961 2848 olfacies,
986 2761 1066 2829 deos
1089 2763 1235 2850 rogabis,

528 2869 579 2937 Ut
600 2876 713 2937 totum
734 2875 771 2936 te
792 2869 931 2955 faciant,
954 2867 1107 2954 Fabulle,
1130 2891 1258 2936 nasum
1321 2909 1324 2913 ⁴
1375 2889 1377 2894 ·

250 2975 303 3059 30,
316 2997 347 3059 43
369 2976 423 3060 64,
437 2997 556 3061 8ο-83ξ
579 2977 632 3062 64,
646 2993 798 3060 zoa-2063
823 2977 874 3060 64,
887 2996 1042 3060 303-3063
1067 2975 1140 3062 106,
1157 3001 1236 3062 1—23
1262 2979 1335 3064 108,
1352 3001 1428 3056 1-,6.

337 3082 415 3148 Huc
443 3081 573 3150 accedit
600 3104 669 3150 una
695 3080 865 3172 periodus,
894 3081 932 3148 in
960 3101 1026 3168 qna
1047 3081 1141 3169 prior
1163 3104 1241 3171 pars
1264 3087 1434 3154 enuntiati
1455 3088 1524 3176 pri·

247 3188 347 3254 marii
369 3188 567 3275 includitur,
590 3189 758 3278 posterior
779 3194 894 3254 autem
913 3190 1092 3254 enuntiato
1108 3189 1306 3258 secundario
1321 3193 1523 3282 interposito

245 3292 423 3381 periodum
446 3293 491 3361 ad
513 3295 616 3362 linem
638 3295 796 3384 perducit
818 3294 883 3361 hcc
904 3290 1023 3360 modo:
1047 3294 1289 3385 a,b:A(c)A;
1312 3299 1395 3367 haec
1413 3301 1521 3390 perio-

246 3398 309 3465 dUS
333 3405 444 3466 exemi
467 3401 520 3486 71,
537 3435 611 3487 1—4.

334 3506 451 3594 Atque
472 3506 594 3574 harum
615 3507 842 3597 periodorum,
866 3527 952 3593 quae
975 3527 1016 3571 ex
1030 3528 1100 3574 uno
1116 3511 1293 3577 enuntiato
1307 3512 1469 3600 primario
1486 3520 1521 3579 et

245 3611 474 3699 compluribus
501 3613 688 3679 enuntiatis
716 3611 926 3680 secundariis
952 3619 1118 3699 constant,
1140 3615 1209 3681 iam
1231 3617 1313 3684 satis
1335 3625 1417 3702 esto,
1441 3640 1520 3684 nam

245 3739 372 3803 omnes,
396 3741 478 3806 quas
501 3719 657 3788 invenire
680 3721 862 3809 potuimus,
885 3741 927 3784 ex
943 3718 1070 3786 Catulli
1093 3721 1298 3789 carminibus
1321 3724 1520 3812 collegimus

244 3829 279 3890 st
302 3824 352 3890 ita
375 3823 610 3914 disposuimus,
633 3832 672 3892 ut
696 3826 857 3913 cognosci
878 3825 996 3913 possit,
1017 3846 1084 3911 quo
1106 3827 1206 3894 modo
1230 3830 1408 3897 enuntiata
1429 3831 1520 3897 inter

244 3951 280 3995 se
302 3930 373 3999 sint
396 3933 636 3999 coniunctast
660 3932 824 4021 copulata.

332 4040 406 4105 Iam
428 4041 551 4107 initam
572 4041 666 4107 viam
687 4046 928 4128 persequentes
951 4041 1190 4130 progredimur
1212 4043 1255 4108 ad
1278 4065 1333 4109 eas
1350 4041 1517 4131 periodos,

244 4166 330 4231 quae
357 4153 493 4235 praeter
516 4147 695 4215 enuntiata
717 4145 916 4212 secundaria
938 4146 1041 4235 primi
1065 4144 1193 4213 ordinis
1217 4147 1320 4214 etiam
1342 4169 1449 4215 unum
1471 4150 1518 4215 al-

242 4257 398 4320 terumve
422 4251 562 4319 secundi
585 4252 715 4320 ordinis
739 4252 909 4319 exhibent
933 4248 1133 4318 Tenendum
1156 4260 1270 4320 autem
1292 4261 1345 4320 est
1358 4255 1396 4322 in
1411 4256 1518 4322 omni·

241 4356 304 4424 bus
327 4358 381 4424 his
404 4359 562 4447 periodis,
591 4381 673 4446 quas
703 4359 814 4425 adhuc
840 4357 1062 4426 tractavimus
1085 4365 1120 4425 et
1142 4381 1225 4446 quas
1247 4360 1316 4426 iam
1339 4362 1519 4428 tractaturi

241 4483 366 4550 sumus,
390 4485 497 4532 unum
519 4471 655 4532 tantum
677 4464 894 4532 enuntiatum
915 4463 1114 4553 primarium
1137 4470 1278 4532 exstare.
1312 4465 1400 4534 Cum
1427 4469 1518 4535 enim
