<?xml version="1.0" encoding="UTF-8"?>
<!DOCTYPE html PUBLIC "-//W3C//DTD XHTML 1.0 Transitional//EN"
    "http://www.w3.org/TR/xhtml1/DTD/xhtml1-transitional.dtd">
<html xmlns="http://www.w3.org/1999/xhtml" xml:lang="en" lang="en">
 <head>
  <title>
</title>
<meta http-equiv="Content-Type" content="text/html;charset=utf-8" />
  <meta name='ocr-system' content='tesseract 3.04.00' />
  <meta name='ocr-capabilities' content='ocr_page ocr_carea ocr_par ocr_line ocrx_word'/>
</head>
<body>
  <div class='ocr_page' id='page_1' title='image "./decatulliperiod00clemgoog_0040.png"; bbox 0 0 3320 5012; ppageno 0'>
   <div class='ocr_carea' id='block_1_1' title="bbox 656 50 857 126">
    <p class='ocr_par' dir='ltr' id='par_1_1' title="bbox 656 50 857 126">
     <span class='ocr_line' id='line_1_1' title="bbox 656 50 857 126; baseline 0 0"><span class='ocrx_word' id='word_1_1' title='bbox 656 50 857 126; x_wconf 77' lang='lat'><strong>.-35.-.</strong></span> 
     </span>
    </p>
   </div>
   <div class='ocr_carea' id='block_1_2' title="bbox 98 227 1434 4484">
    <p class='ocr_par' dir='ltr' id='par_1_2' title="bbox 98 227 1434 4484">
     <span class='ocr_line' id='line_1_2' title="bbox 98 227 1395 318; baseline -0.002 -15"><span class='ocrx_word' id='word_1_2' title='bbox 98 234 215 304; x_wconf 78' lang='lat' dir='ltr'><strong>aliter</strong></span> <span class='ocrx_word' id='word_1_3' title='bbox 241 257 289 301; x_wconf 89' lang='lat' dir='ltr'><strong>ac</strong></span> <span class='ocrx_word' id='word_1_4' title='bbox 302 232 543 300; x_wconf 90' lang='lat' dir='ltr'><strong>Lachmannus</strong></span> <span class='ocrx_word' id='word_1_5' title='bbox 569 230 688 298; x_wconf 87' lang='lat' dir='ltr'><strong>docuit</strong></span> <span class='ocrx_word' id='word_1_6' title='bbox 713 227 969 297; x_wconf 78' lang='lat' dir='ltr'><strong>diiudicandum</strong></span> <span class='ocrx_word' id='word_1_7' title='bbox 991 250 1063 298; x_wconf 88' lang='lat' dir='ltr'><strong>esse</strong></span> <span class='ocrx_word' id='word_1_8' title='bbox 1085 252 1159 298; x_wconf 90' lang='lat' dir='ltr'><strong>rem</strong></span> <span class='ocrx_word' id='word_1_9' title='bbox 1180 231 1395 318; x_wconf 75' lang='lat' dir='ltr'><strong>arbitramur,</strong></span> 
     </span>
     <span class='ocr_line' id='line_1_3' title="bbox 99 335 1396 429; baseline -0.003 -19"><span class='ocrx_word' id='word_1_10' title='bbox 99 343 174 411; x_wconf 86' lang='lat' dir='ltr'><strong>sed</strong></span> <span class='ocrx_word' id='word_1_11' title='bbox 196 365 267 409; x_wconf 89' lang='lat' dir='ltr'><strong>non</strong></span> <span class='ocrx_word' id='word_1_12' title='bbox 289 348 389 408; x_wconf 88' lang='lat' dir='ltr'><strong>tanta</strong></span> <span class='ocrx_word' id='word_1_13' title='bbox 411 363 527 406; x_wconf 90' lang='lat' dir='ltr'><strong>sumus</strong></span> <span class='ocrx_word' id='word_1_14' title='bbox 550 338 756 426; x_wconf 84' lang='lat' dir='ltr'><strong>arrogantia,</strong></span> <span class='ocrx_word' id='word_1_15' title='bbox 783 343 824 403; x_wconf 89' lang='lat' dir='ltr'><strong>ut</strong></span> <span class='ocrx_word' id='word_1_16' title='bbox 850 335 1002 403; x_wconf 89' lang='lat' dir='ltr'><strong>dicamus</strong></span> <span class='ocrx_word' id='word_1_17' title='bbox 1024 345 1176 405; x_wconf 88' lang='lat' dir='ltr'><strong>nostram</strong></span> <span class='ocrx_word' id='word_1_18' title='bbox 1199 339 1396 429; x_wconf 84' lang='lat' dir='ltr'><strong>explicatio·</strong></span> 
     </span>
     <span class='ocr_line' id='line_1_4' title="bbox 101 443 1395 532; baseline -0.005 -14"><span class='ocrx_word' id='word_1_19' title='bbox 101 473 195 518; x_wconf 89' lang='lat' dir='ltr'><strong>nem</strong></span> <span class='ocrx_word' id='word_1_20' title='bbox 210 471 282 516; x_wconf 89' lang='lat' dir='ltr'><strong>esse</strong></span> <span class='ocrx_word' id='word_1_21' title='bbox 296 470 425 532; x_wconf 83' lang='lat' dir='ltr'><strong>veram,</strong></span> <span class='ocrx_word' id='word_1_22' title='bbox 441 448 593 513; x_wconf 91' lang='lat' dir='ltr'><strong>omnium</strong></span> <span class='ocrx_word' id='word_1_23' title='bbox 608 453 723 514; x_wconf 91' lang='lat' dir='ltr'><strong>autem</strong></span> <span class='ocrx_word' id='word_1_24' title='bbox 738 444 892 528; x_wconf 66' lang='lat' dir='ltr'><strong>aliorum</strong></span> <span class='ocrx_word' id='word_1_25' title='bbox 909 443 968 530; x_wconf 93' lang='lat' dir='ltr'><strong>qui</strong></span> <span class='ocrx_word' id='word_1_26' title='bbox 984 443 1077 510; x_wconf 86' lang='lat' dir='ltr'><strong>aliud</strong></span> <span class='ocrx_word' id='word_1_27' title='bbox 1092 445 1176 532; x_wconf 95' lang='lat' dir='ltr'><strong>quid</strong></span> <span class='ocrx_word' id='word_1_28' title='bbox 1192 445 1395 532; x_wconf 71' lang='lat' dir='ltr'><strong>censuerint,</strong></span> 
     </span>
     <span class='ocr_line' id='line_1_5' title="bbox 103 549 1397 639; baseline -0.005 -13"><span class='ocrx_word' id='word_1_29' title='bbox 103 559 243 626; x_wconf 76' lang='lat' dir='ltr'><strong>falsam.</strong></span> <span class='ocrx_word' id='word_1_30' title='bbox 282 555 563 622; x_wconf 87' lang='lat' dir='ltr'><strong>Examinavimus</strong></span> <span class='ocrx_word' id='word_1_31' title='bbox 592 573 868 639; x_wconf 89' lang='lat' dir='ltr'><strong>unumquemque</strong></span> <span class='ocrx_word' id='word_1_32' title='bbox 896 551 1020 636; x_wconf 86' lang='lat' dir='ltr'><strong>locum,</strong></span> <span class='ocrx_word' id='word_1_33' title='bbox 1050 553 1110 638; x_wconf 90' lang='lat' dir='ltr'><strong>qui</strong></span> <span class='ocrx_word' id='word_1_34' title='bbox 1141 549 1263 621; x_wconf 86' lang='lat' dir='ltr'><strong>dubius</strong></span> <span class='ocrx_word' id='word_1_35' title='bbox 1287 561 1323 620; x_wconf 85' lang='lat' dir='ltr'><strong>et</strong></span> <span class='ocrx_word' id='word_1_36' title='bbox 1344 553 1397 620; x_wconf 92' lang='lat' dir='ltr'><strong>in·</strong></span> 
     </span>
     <span class='ocr_line' id='line_1_6' title="bbox 104 657 1397 745; baseline -0.003 -14"><span class='ocrx_word' id='word_1_37' title='bbox 104 671 227 731; x_wconf 78' lang='lat' dir='ltr'><strong>certus</strong></span> <span class='ocrx_word' id='word_1_38' title='bbox 254 670 308 730; x_wconf 88' lang='lat' dir='ltr'><strong>eet</strong></span> <span class='ocrx_word' id='word_1_39' title='bbox 334 663 437 745; x_wconf 89' lang='lat' dir='ltr'><strong>visus,</strong></span> <span class='ocrx_word' id='word_1_40' title='bbox 466 668 501 727; x_wconf 91' lang='lat' dir='ltr'><strong>et</strong></span> <span class='ocrx_word' id='word_1_41' title='bbox 529 660 721 743; x_wconf 89' lang='lat' dir='ltr'><strong>statuimus,</strong></span> <span class='ocrx_word' id='word_1_42' title='bbox 750 657 842 744; x_wconf 91' lang='lat' dir='ltr'><strong>quod</strong></span> <span class='ocrx_word' id='word_1_43' title='bbox 864 657 1079 745; x_wconf 90' lang='lat' dir='ltr'><strong>aptissimum</strong></span> <span class='ocrx_word' id='word_1_44' title='bbox 1101 677 1173 726; x_wconf 85' lang='lat' dir='ltr'><strong>esse</strong></span> <span class='ocrx_word' id='word_1_45' title='bbox 1196 661 1397 729; x_wconf 84' lang='lat' dir='ltr'><strong>censuimus.</strong></span> 
     </span>
     <span class='ocr_line' id='line_1_7' title="bbox 204 765 1398 856; baseline -0.003 -18"><span class='ocrx_word' id='word_1_46' title='bbox 204 769 336 838; x_wconf 84' lang='lat' dir='ltr'><strong>Eodem</strong></span> <span class='ocrx_word' id='word_1_47' title='bbox 354 775 480 836; x_wconf 80' lang='lat' dir='ltr'><strong>autem</strong></span> <span class='ocrx_word' id='word_1_48' title='bbox 510 767 611 834; x_wconf 90' lang='lat' dir='ltr'><strong>modo</strong></span> <span class='ocrx_word' id='word_1_49' title='bbox 640 774 680 832; x_wconf 93' lang='lat' dir='ltr'><strong>ut</strong></span> <span class='ocrx_word' id='word_1_50' title='bbox 709 766 752 832; x_wconf 88' lang='lat' dir='ltr'><strong>de</strong></span> <span class='ocrx_word' id='word_1_51' title='bbox 782 765 995 832; x_wconf 75' lang='lat' dir='ltr'><strong>comesione</strong></span> <span class='ocrx_word' id='word_1_52' title='bbox 1024 771 1060 831; x_wconf 92' lang='lat' dir='ltr'><strong>et</strong></span> <span class='ocrx_word' id='word_1_53' title='bbox 1087 767 1331 856; x_wconf 81' lang='lat' dir='ltr'>complexione,</span> <span class='ocrx_word' id='word_1_54' title='bbox 1354 769 1398 836; x_wconf 93' lang='lat' dir='ltr'><strong>de</strong></span> 
     </span>
     <span class='ocr_line' id='line_1_8' title="bbox 107 872 1397 966; baseline -0.002 -20"><span class='ocrx_word' id='word_1_55' title='bbox 107 899 258 946; x_wconf 88' lang='lat' dir='ltr'><strong>numere</strong></span> <span class='ocrx_word' id='word_1_56' title='bbox 282 898 416 964; x_wconf 88' lang='lat' dir='ltr'><strong>quoque</strong></span> <span class='ocrx_word' id='word_1_57' title='bbox 439 875 695 942; x_wconf 88' lang='lat' dir='ltr'><strong>enuntiatorum</strong></span> <span class='ocrx_word' id='word_1_58' title='bbox 716 872 759 938; x_wconf 90' lang='lat' dir='ltr'><strong>lis</strong></span> <span class='ocrx_word' id='word_1_59' title='bbox 783 878 819 937; x_wconf 87' lang='lat' dir='ltr'><strong>et</strong></span> <span class='ocrx_word' id='word_1_60' title='bbox 842 872 1074 940; x_wconf 86' lang='lat' dir='ltr'><strong>controversia</strong></span> <span class='ocrx_word' id='word_1_61' title='bbox 1096 874 1230 962; x_wconf 89' lang='lat' dir='ltr'><strong>saepius</strong></span> <span class='ocrx_word' id='word_1_62' title='bbox 1250 898 1323 942; x_wconf 88' lang='lat' dir='ltr'><strong>esse</strong></span> <span class='ocrx_word' id='word_1_63' title='bbox 1336 897 1397 966; x_wconf 89' lang='lat' dir='ltr'><strong>pc·</strong></span> 
     </span>
     <span class='ocr_line' id='line_1_9' title="bbox 108 979 1397 1084; baseline -0.003 -30"><span class='ocrx_word' id='word_1_64' title='bbox 108 994 192 1054; x_wconf 89' lang='lat' dir='ltr'><strong>test.</strong></span> <span class='ocrx_word' id='word_1_65' title='bbox 231 985 288 1051; x_wconf 87' lang='lat' dir='ltr'><strong>Sic</strong></span> <span class='ocrx_word' id='word_1_66' title='bbox 315 983 491 1050; x_wconf 80' lang='lat' dir='ltr'><strong>nonnullis</strong></span> <span class='ocrx_word' id='word_1_67' title='bbox 513 983 551 1047; x_wconf 92' lang='lat' dir='ltr'><strong>in</strong></span> <span class='ocrx_word' id='word_1_68' title='bbox 573 981 656 1048; x_wconf 88' lang='lat' dir='ltr'><strong>locis</strong></span> <span class='ocrx_word' id='word_1_69' title='bbox 678 1001 786 1046; x_wconf 91' lang='lat' dir='ltr'><strong>unum</strong></span> <span class='ocrx_word' id='word_1_70' title='bbox 808 985 944 1046; x_wconf 90' lang='lat' dir='ltr'><strong>tantum</strong></span> <span class='ocrx_word' id='word_1_71' title='bbox 967 979 1184 1048; x_wconf 84' lang='lat' dir='ltr'><strong>enuntiatum</strong></span> <span class='ocrx_word' id='word_1_72' title='bbox 1207 983 1397 1084; x_wconf 61' lang='lat' dir='ltr'><strong>statuimus,</strong></span> 
     </span>
     <span class='ocr_line' id='line_1_10' title="bbox 108 1086 1397 1180; baseline -0.003 -20"><span class='ocrx_word' id='word_1_73' title='bbox 108 1093 176 1160; x_wconf 91' lang='lat' dir='ltr'><strong>ubi</strong></span> <span class='ocrx_word' id='word_1_74' title='bbox 191 1092 278 1158; x_wconf 89' lang='lat' dir='ltr'><strong>alius</strong></span> <span class='ocrx_word' id='word_1_75' title='bbox 293 1091 369 1178; x_wconf 90' lang='lat' dir='ltr'><strong>quis</strong></span> <span class='ocrx_word' id='word_1_76' title='bbox 385 1089 452 1156; x_wconf 91' lang='lat' dir='ltr'><strong>duo</strong></span> <span class='ocrx_word' id='word_1_77' title='bbox 469 1110 541 1155; x_wconf 89' lang='lat' dir='ltr'><strong>esse</strong></span> <span class='ocrx_word' id='word_1_78' title='bbox 562 1093 670 1175; x_wconf 85' lang='lat' dir='ltr'><strong>putet,</strong></span> <span class='ocrx_word' id='word_1_79' title='bbox 693 1086 775 1173; x_wconf 83' lang='lat' dir='ltr'><strong>quia</strong></span> <span class='ocrx_word' id='word_1_80' title='bbox 795 1087 863 1153; x_wconf 92' lang='lat' dir='ltr'><strong>duo</strong></span> <span class='ocrx_word' id='word_1_81' title='bbox 887 1093 1024 1154; x_wconf 85' lang='lat' dir='ltr'><strong>exstant</strong></span> <span class='ocrx_word' id='word_1_82' title='bbox 1046 1087 1207 1180; x_wconf 72' lang='lat' dir='ltr'><strong>subiecta</strong></span> <span class='ocrx_word' id='word_1_83' title='bbox 1233 1089 1397 1177; x_wconf 78' lang='lat' dir='ltr'><strong>Legimus</strong></span> 
     </span>
     <span class='ocr_line' id='line_1_11' title="bbox 138 1191 1181 1284; baseline -0.002 -17"><span class='ocrx_word' id='word_1_84' title='bbox 138 1201 192 1284; x_wconf 83' lang='lat'><strong>13,</strong></span> <span class='ocrx_word' id='word_1_85' title='bbox 207 1222 322 1268; x_wconf 74' lang='lat'><strong>11-123</strong></span> <span class='ocrx_word' id='word_1_86' title='bbox 345 1196 435 1264; x_wconf 86' lang='lat' dir='ltr'><strong>Nam</strong></span> <span class='ocrx_word' id='word_1_87' title='bbox 457 1201 674 1282; x_wconf 76' lang='lat' dir='ltr'><strong>unguentum</strong></span> <span class='ocrx_word' id='word_1_88' title='bbox 696 1193 794 1277; x_wconf 79' lang='lat' dir='ltr'><strong>debe,</strong></span> <span class='ocrx_word' id='word_1_89' title='bbox 818 1191 910 1279; x_wconf 92' lang='lat' dir='ltr'><strong>quod</strong></span> <span class='ocrx_word' id='word_1_90' title='bbox 930 1214 1025 1260; x_wconf 89' lang='lat' dir='ltr'><strong>meae</strong></span> <span class='ocrx_word' id='word_1_91' title='bbox 1047 1197 1181 1284; x_wconf 83' lang='lat' dir='ltr'><strong>puellae</strong></span> 
     </span>
     <span class='ocr_line' id='line_1_12' title="bbox 344 1299 985 1387; baseline -0.003 -19"><span class='ocrx_word' id='word_1_92' title='bbox 344 1303 528 1368; x_wconf 88' lang='lat' dir='ltr'><strong>Donarunt</strong></span> <span class='ocrx_word' id='word_1_93' title='bbox 550 1300 701 1366; x_wconf 79' lang='lat' dir='ltr'><strong>Veneres</strong></span> <span class='ocrx_word' id='word_1_94' title='bbox 724 1299 985 1387; x_wconf 77' lang='lat' dir='ltr'><strong>Cupidinesque</strong></span> 
     </span>
     <span class='ocr_line' id='line_1_13' title="bbox 114 1404 1398 1497; baseline -0.001 -19"><span class='ocrx_word' id='word_1_95' title='bbox 114 1413 199 1479; x_wconf 86' lang='lat' dir='ltr'><strong>Sine</strong></span> <span class='ocrx_word' id='word_1_96' title='bbox 232 1409 336 1477; x_wconf 91' lang='lat' dir='ltr'><strong>dubio</strong></span> <span class='ocrx_word' id='word_1_97' title='bbox 370 1409 454 1474; x_wconf 85' lang='lat' dir='ltr'><strong>haec</strong></span> <span class='ocrx_word' id='word_1_98' title='bbox 490 1404 604 1495; x_wconf 81' lang='lat' dir='ltr'><strong>„quod</strong></span> <span class='ocrx_word' id='word_1_99' title='bbox 637 1404 809 1471; x_wconf 90' lang='lat' dir='ltr'><strong>donarunt</strong></span> <span class='ocrx_word' id='word_1_100' title='bbox 842 1405 993 1473; x_wconf 83' lang='lat' dir='ltr'><strong>Veneres</strong></span> <span class='ocrx_word' id='word_1_101' title='bbox 1020 1407 1293 1497; x_wconf 79' lang='lat' dir='ltr'><strong>Cupidinesque“</strong></span> <span class='ocrx_word' id='word_1_102' title='bbox 1330 1410 1398 1478; x_wconf 90' lang='lat' dir='ltr'><strong>duo</strong></span> 
     </span>
     <span class='ocr_line' id='line_1_14' title="bbox 117 1510 1398 1605; baseline -0.005 -19"><span class='ocrx_word' id='word_1_103' title='bbox 117 1519 297 1586; x_wconf 89' lang='lat' dir='ltr'><strong>enuntiata</strong></span> <span class='ocrx_word' id='word_1_104' title='bbox 326 1538 398 1582; x_wconf 90' lang='lat' dir='ltr'><strong>esse</strong></span> <span class='ocrx_word' id='word_1_105' title='bbox 428 1513 497 1580; x_wconf 91' lang='lat' dir='ltr'><strong>dici</strong></span> <span class='ocrx_word' id='word_1_106' title='bbox 526 1518 649 1602; x_wconf 84' lang='lat' dir='ltr'><strong>potest,</strong></span> <span class='ocrx_word' id='word_1_107' title='bbox 679 1534 760 1578; x_wconf 87' lang='lat' dir='ltr'><strong>nam</strong></span> <span class='ocrx_word' id='word_1_108' title='bbox 792 1510 876 1578; x_wconf 89' lang='lat' dir='ltr'><strong>haec</strong></span> <span class='ocrx_word' id='word_1_109' title='bbox 909 1514 1015 1580; x_wconf 84' lang='lat' dir='ltr'><strong>verba</strong></span> <span class='ocrx_word' id='word_1_110' title='bbox 1047 1515 1175 1604; x_wconf 86' lang='lat' dir='ltr'><strong>scripta</strong></span> <span class='ocrx_word' id='word_1_111' title='bbox 1208 1522 1289 1582; x_wconf 91' lang='lat' dir='ltr'><strong>sunt</strong></span> <span class='ocrx_word' id='word_1_112' title='bbox 1321 1535 1398 1605; x_wconf 86' lang='lat' dir='ltr'><strong>pro:</strong></span> 
     </span>
     <span class='ocr_line' id='line_1_15' title="bbox 124 1616 1399 1713; baseline -0.002 -23"><span class='ocrx_word' id='word_1_113' title='bbox 124 1625 232 1713; x_wconf 86' lang='lat' dir='ltr'><strong>„quod</strong></span> <span class='ocrx_word' id='word_1_114' title='bbox 254 1622 428 1689; x_wconf 79' lang='lat' dir='ltr'><strong>denarrmt</strong></span> <span class='ocrx_word' id='word_1_115' title='bbox 450 1619 600 1686; x_wconf 87' lang='lat' dir='ltr'><strong>Veneres</strong></span> <span class='ocrx_word' id='word_1_116' title='bbox 624 1626 659 1684; x_wconf 91' lang='lat' dir='ltr'><strong>et</strong></span> <span class='ocrx_word' id='word_1_117' title='bbox 681 1617 773 1705; x_wconf 90' lang='lat' dir='ltr'><strong>quod</strong></span> <span class='ocrx_word' id='word_1_118' title='bbox 795 1616 967 1686; x_wconf 88' lang='lat' dir='ltr'><strong>donarunt</strong></span> <span class='ocrx_word' id='word_1_119' title='bbox 989 1620 1206 1711; x_wconf 53' lang='lat' dir='ltr'><strong>Cupidines.</strong></span> <span class='ocrx_word' id='word_1_120' title='bbox 1232 1624 1399 1690; x_wconf 80' lang='lat' dir='ltr'><strong>Attamen</strong></span> 
     </span>
     <span class='ocr_line' id='line_1_16' title="bbox 118 1725 1398 1816; baseline -0.001 -19"><span class='ocrx_word' id='word_1_121' title='bbox 118 1731 185 1797; x_wconf 91' lang='lat' dir='ltr'><strong>hoc</strong></span> <span class='ocrx_word' id='word_1_122' title='bbox 212 1752 320 1796; x_wconf 91' lang='lat' dir='ltr'><strong>unum</strong></span> <span class='ocrx_word' id='word_1_123' title='bbox 349 1733 485 1794; x_wconf 89' lang='lat' dir='ltr'><strong>tantum</strong></span> <span class='ocrx_word' id='word_1_124' title='bbox 516 1747 587 1792; x_wconf 90' lang='lat' dir='ltr'><strong>esse</strong></span> <span class='ocrx_word' id='word_1_125' title='bbox 618 1725 835 1791; x_wconf 89' lang='lat' dir='ltr'><strong>enuntiatum</strong></span> <span class='ocrx_word' id='word_1_126' title='bbox 856 1725 1062 1814; x_wconf 86' lang='lat' dir='ltr'><strong>putavimus,</strong></span> <span class='ocrx_word' id='word_1_127' title='bbox 1087 1729 1167 1816; x_wconf 89' lang='lat' dir='ltr'><strong>quia</strong></span> <span class='ocrx_word' id='word_1_128' title='bbox 1189 1729 1340 1798; x_wconf 87' lang='lat' dir='ltr'><strong>Veneres</strong></span> <span class='ocrx_word' id='word_1_129' title='bbox 1363 1737 1398 1796; x_wconf 83' lang='lat' dir='ltr'><strong>et</strong></span> 
     </span>
     <span class='ocr_line' id='line_1_17' title="bbox 118 1832 1398 1927; baseline -0.002 -22"><span class='ocrx_word' id='word_1_130' title='bbox 118 1839 305 1927; x_wconf 80' lang='lat' dir='ltr'><strong>Cupidines</strong></span> <span class='ocrx_word' id='word_1_131' title='bbox 331 1836 389 1903; x_wconf 84' lang='lat' dir='ltr'><strong>vel</strong></span> <span class='ocrx_word' id='word_1_132' title='bbox 410 1836 528 1901; x_wconf 91' lang='lat' dir='ltr'><strong>Venus</strong></span> <span class='ocrx_word' id='word_1_133' title='bbox 555 1839 590 1900; x_wconf 91' lang='lat' dir='ltr'><strong>et</strong></span> <span class='ocrx_word' id='word_1_134' title='bbox 612 1833 745 1921; x_wconf 82' lang='lat' dir='ltr'><strong>Cupido</strong></span> <span class='ocrx_word' id='word_1_135' title='bbox 772 1834 810 1898; x_wconf 94' lang='lat' dir='ltr'><strong>in</strong></span> <span class='ocrx_word' id='word_1_136' title='bbox 836 1855 943 1900; x_wconf 91' lang='lat' dir='ltr'><strong>unum</strong></span> <span class='ocrx_word' id='word_1_137' title='bbox 966 1832 1069 1900; x_wconf 89' lang='lat' dir='ltr'><strong>deum</strong></span> <span class='ocrx_word' id='word_1_138' title='bbox 1091 1836 1188 1923; x_wconf 86' lang='lat' dir='ltr'><strong>quasi</strong></span> <span class='ocrx_word' id='word_1_139' title='bbox 1211 1837 1398 1903; x_wconf 88' lang='lat' dir='ltr'><strong>coalescere</strong></span> 
     </span>
     <span class='ocr_line' id='line_1_18' title="bbox 116 1938 1398 2030; baseline -0.002 -19"><span class='ocrx_word' id='word_1_140' title='bbox 116 1943 290 2013; x_wconf 82' lang='lat' dir='ltr'><strong>videntur.</strong></span> <span class='ocrx_word' id='word_1_141' title='bbox 315 1944 432 2030; x_wconf 85' lang='lat' dir='ltr'><strong>Atque</strong></span> <span class='ocrx_word' id='word_1_142' title='bbox 455 1939 574 2007; x_wconf 88' lang='lat' dir='ltr'><strong>ecdem</strong></span> <span class='ocrx_word' id='word_1_143' title='bbox 595 1938 696 2006; x_wconf 91' lang='lat' dir='ltr'><strong>modo</strong></span> <span class='ocrx_word' id='word_1_144' title='bbox 720 1939 795 2005; x_wconf 86' lang='lat' dir='ltr'><strong>aliis</strong></span> <span class='ocrx_word' id='word_1_145' title='bbox 812 1939 856 2004; x_wconf 69' lang='lat' dir='ltr'><strong>‚in</strong></span> <span class='ocrx_word' id='word_1_146' title='bbox 878 1939 962 2005; x_wconf 89' lang='lat' dir='ltr'><strong>loeis</strong></span> <span class='ocrx_word' id='word_1_147' title='bbox 985 1938 1065 2007; x_wconf 88' lang='lat' dir='ltr'><strong>huic</strong></span> <span class='ocrx_word' id='word_1_148' title='bbox 1087 1941 1255 2010; x_wconf 84' lang='lat' dir='ltr'><strong>similibus</strong></span> <span class='ocrx_word' id='word_1_149' title='bbox 1278 1942 1398 2009; x_wconf 88' lang='lat' dir='ltr'><strong>stetui·</strong></span> 
     </span>
     <span class='ocr_line' id='line_1_19' title="bbox 119 2045 1398 2140; baseline -0.001 -22"><span class='ocrx_word' id='word_1_150' title='bbox 119 2074 205 2140; x_wconf 83' lang='lat' dir='ltr'><strong>mus,</strong></span> <span class='ocrx_word' id='word_1_151' title='bbox 234 2051 293 2118; x_wconf 91' lang='lat' dir='ltr'><strong>ubi</strong></span> <span class='ocrx_word' id='word_1_152' title='bbox 320 2049 495 2137; x_wconf 89' lang='lat' dir='ltr'><strong>complura</strong></span> <span class='ocrx_word' id='word_1_153' title='bbox 518 2047 670 2114; x_wconf 80' lang='lat' dir='ltr'><strong>subiecta</strong></span> <span class='ocrx_word' id='word_1_154' title='bbox 691 2046 743 2114; x_wconf 87' lang='lat' dir='ltr'><strong>ita</strong></span> <span class='ocrx_word' id='word_1_155' title='bbox 765 2051 846 2112; x_wconf 91' lang='lat' dir='ltr'><strong>sunt</strong></span> <span class='ocrx_word' id='word_1_156' title='bbox 868 2045 1065 2135; x_wconf 86' lang='lat' dir='ltr'><strong>composita,</strong></span> <span class='ocrx_word' id='word_1_157' title='bbox 1088 2055 1129 2115; x_wconf 89' lang='lat' dir='ltr'><strong>ut</strong></span> <span class='ocrx_word' id='word_1_158' title='bbox 1151 2048 1222 2116; x_wconf 92' lang='lat' dir='ltr'><strong>sint</strong></span> <span class='ocrx_word' id='word_1_159' title='bbox 1242 2069 1305 2138; x_wconf 90' lang='lat' dir='ltr'><strong>pro</strong></span> <span class='ocrx_word' id='word_1_160' title='bbox 1328 2071 1398 2117; x_wconf 92' lang='lat' dir='ltr'><strong>uuo</strong></span> 
     </span>
     <span class='ocr_line' id='line_1_20' title="bbox 118 2151 1399 2241; baseline -0.002 -16"><span class='ocrx_word' id='word_1_161' title='bbox 118 2164 255 2226; x_wconf 86' lang='lat' dir='ltr'><strong>tentum</strong></span> <span class='ocrx_word' id='word_1_162' title='bbox 281 2157 443 2224; x_wconf 88' lang='lat' dir='ltr'><strong>subiecto.</strong></span> <span class='ocrx_word' id='word_1_163' title='bbox 480 2154 616 2241; x_wconf 88' lang='lat' dir='ltr'><strong>Ubique</strong></span> <span class='ocrx_word' id='word_1_164' title='bbox 639 2159 755 2219; x_wconf 83' lang='lat' dir='ltr'><strong>temen</strong></span> <span class='ocrx_word' id='word_1_165' title='bbox 777 2151 843 2218; x_wconf 88' lang='lat' dir='ltr'><strong>hoe</strong></span> <span class='ocrx_word' id='word_1_166' title='bbox 865 2174 936 2218; x_wconf 87' lang='lat' dir='ltr'><strong>non</strong></span> <span class='ocrx_word' id='word_1_167' title='bbox 957 2153 1066 2240; x_wconf 87' lang='lat' dir='ltr'><strong>licuit,</strong></span> <span class='ocrx_word' id='word_1_168' title='bbox 1090 2155 1150 2222; x_wconf 91' lang='lat' dir='ltr'><strong>sed</strong></span> <span class='ocrx_word' id='word_1_169' title='bbox 1173 2161 1226 2222; x_wconf 89' lang='lat' dir='ltr'><strong>est</strong></span> <span class='ocrx_word' id='word_1_170' title='bbox 1247 2156 1308 2223; x_wconf 89' lang='lat' dir='ltr'><strong>ubi</strong></span> <span class='ocrx_word' id='word_1_171' title='bbox 1330 2157 1399 2222; x_wconf 90' lang='lat' dir='ltr'><strong>sin·</strong></span> 
     </span>
     <span class='ocr_line' id='line_1_21' title="bbox 117 2258 1377 2354; baseline -0.013 -21"><span class='ocrx_word' id='word_1_172' title='bbox 117 2267 202 2354; x_wconf 78' lang='lat' dir='ltr'><strong>gula</strong></span> <span class='ocrx_word' id='word_1_173' title='bbox 224 2264 375 2332; x_wconf 88' lang='lat' dir='ltr'><strong>subiecta</strong></span> <span class='ocrx_word' id='word_1_174' title='bbox 398 2261 551 2328; x_wconf 84' lang='lat' dir='ltr'><strong>efficiant</strong></span> <span class='ocrx_word' id='word_1_175' title='bbox 572 2261 710 2347; x_wconf 83' lang='lat' dir='ltr'><strong>singule</strong></span> <span class='ocrx_word' id='word_1_176' title='bbox 732 2258 912 2326; x_wconf 88' lang='lat' dir='ltr'><strong>enuntiata</strong></span> <span class='ocrx_word' id='word_1_177' title='bbox 933 2267 974 2327; x_wconf 94' lang='lat' dir='ltr'><strong>ut</strong></span> <span class='ocrx_word' id='word_1_178' title='bbox 1376 2309 1377 2316; x_wconf 74' lang='grc'>,</span> 
     </span>
     <span class='ocr_line' id='line_1_22' title="bbox 117 2368 1322 2460; baseline -0.003 -20"><span class='ocrx_word' id='word_1_179' title='bbox 117 2374 174 2460; x_wconf 87' lang='grc'><strong>88,</strong></span> <span class='ocrx_word' id='word_1_180' title='bbox 188 2394 272 2458; x_wconf 83' lang='lat'><strong>5-6:</strong></span> <span class='ocrx_word' id='word_1_181' title='bbox 296 2371 455 2459; x_wconf 81' lang='lat' dir='ltr'><strong>Suscipit,</strong></span> <span class='ocrx_word' id='word_1_182' title='bbox 479 2391 500 2435; x_wconf 96' lang='lat'>0</span> <span class='ocrx_word' id='word_1_183' title='bbox 523 2368 624 2452; x_wconf 79' lang='lat' dir='ltr'><strong>Gelli,</strong></span> <span class='ocrx_word' id='word_1_184' title='bbox 649 2373 816 2454; x_wconf 87' lang='lat' dir='ltr'><strong>quantum</strong></span> <span class='ocrx_word' id='word_1_185' title='bbox 837 2388 909 2433; x_wconf 91' lang='lat' dir='ltr'><strong>non</strong></span> <span class='ocrx_word' id='word_1_186' title='bbox 930 2368 1053 2435; x_wconf 87' lang='lat' dir='ltr'><strong>ultima</strong></span> <span class='ocrx_word' id='word_1_187' title='bbox 1075 2369 1217 2457; x_wconf 79' lang='lat' dir='ltr'><strong>Thetys,</strong></span> <span class='ocrx_word' id='word_1_188' title='bbox 1320 2429 1322 2435; x_wconf 94' lang='lat'><em>.</em></span> 
     </span>
     <span class='ocr_line' id='line_1_23' title="bbox 295 2473 1434 2576; baseline -0.002 -32"><span class='ocrx_word' id='word_1_189' title='bbox 295 2479 367 2544; x_wconf 85' lang='lat' dir='ltr'><strong>Nec</strong></span> <span class='ocrx_word' id='word_1_190' title='bbox 388 2475 526 2565; x_wconf 85' lang='lat' dir='ltr'><strong>genitor</strong></span> <span class='ocrx_word' id='word_1_191' title='bbox 548 2473 786 2563; x_wconf 81' lang='lat' dir='ltr'><strong>Nympharum</strong></span> <span class='ocrx_word' id='word_1_192' title='bbox 808 2473 917 2541; x_wconf 92' lang='lat' dir='ltr'><strong>abluit</strong></span> <span class='ocrx_word' id='word_1_193' title='bbox 940 2475 1103 2561; x_wconf 89' lang='lat' dir='ltr'><strong>Oceanus,</strong></span> <span class='ocrx_word' id='word_1_194' title='bbox 1427 2561 1434 2576; x_wconf 91' lang='lat'><strong>.</strong></span> 
     </span>
     <span class='ocr_line' id='line_1_24' title="bbox 117 2580 1399 2672; baseline -0.001 -19"><span class='ocrx_word' id='word_1_195' title='bbox 117 2587 182 2653; x_wconf 91' lang='lat' dir='ltr'><strong>ubi</strong></span> <span class='ocrx_word' id='word_1_196' title='bbox 205 2583 273 2650; x_wconf 89' lang='lat' dir='ltr'><strong>duo</strong></span> <span class='ocrx_word' id='word_1_197' title='bbox 295 2584 474 2652; x_wconf 84' lang='lat' dir='ltr'><strong>statuimus</strong></span> <span class='ocrx_word' id='word_1_198' title='bbox 497 2582 676 2649; x_wconf 86' lang='lat' dir='ltr'><strong>enuntiata</strong></span> <span class='ocrx_word' id='word_1_199' title='bbox 698 2580 905 2667; x_wconf 85' lang='lat' dir='ltr'><strong>secundaria,</strong></span> <span class='ocrx_word' id='word_1_200' title='bbox 920 2584 1001 2669; x_wconf 80' lang='lat' dir='ltr'><strong>quis</strong></span> <span class='ocrx_word' id='word_1_201' title='bbox 1016 2606 1059 2650; x_wconf 85' lang='lat' dir='ltr'><strong>ex</strong></span> <span class='ocrx_word' id='word_1_202' title='bbox 1073 2605 1215 2651; x_wconf 90' lang='lat' dir='ltr'><strong>numero</strong></span> <span class='ocrx_word' id='word_1_203' title='bbox 1230 2583 1399 2672; x_wconf 83' lang='lat' dir='ltr'><strong>singulari</strong></span> 
     </span>
     <span class='ocr_line' id='line_1_25' title="bbox 119 2689 1400 2783; baseline 0.001 -23"><span class='ocrx_word' id='word_1_204' title='bbox 119 2691 219 2760; x_wconf 89' lang='lat' dir='ltr'><strong>verbi</strong></span> <span class='ocrx_word' id='word_1_205' title='bbox 252 2689 397 2778; x_wconf 59' lang='lat' dir='ltr'><strong>,abluis</strong></span> <span class='ocrx_word' id='word_1_206' title='bbox 429 2696 464 2755; x_wconf 91' lang='lat' dir='ltr'><strong>et</strong></span> <span class='ocrx_word' id='word_1_207' title='bbox 494 2711 536 2756; x_wconf 83' lang='lat' dir='ltr'><strong>ex</strong></span> <span class='ocrx_word' id='word_1_208' title='bbox 563 2712 628 2756; x_wconf 90' lang='lat' dir='ltr'><strong>usu</strong></span> <span class='ocrx_word' id='word_1_209' title='bbox 657 2689 846 2778; x_wconf 84' lang='lat' dir='ltr'><strong>particulae</strong></span> <span class='ocrx_word' id='word_1_210' title='bbox 877 2692 979 2777; x_wconf 77' lang='lat' dir='ltr'><strong>„nee“</strong></span> <span class='ocrx_word' id='word_1_211' title='bbox 1012 2691 1104 2759; x_wconf 87' lang='lat' dir='ltr'><strong>effici</strong></span> <span class='ocrx_word' id='word_1_212' title='bbox 1129 2693 1336 2783; x_wconf 89' lang='lat' dir='ltr'><strong>putavimus,</strong></span> <span class='ocrx_word' id='word_1_213' title='bbox 1359 2700 1400 2762; x_wconf 89' lang='lat' dir='ltr'><strong>ut</strong></span> 
     </span>
     <span class='ocr_line' id='line_1_26' title="bbox 119 2796 1400 2888; baseline 0.004 -25"><span class='ocrx_word' id='word_1_214' title='bbox 119 2805 302 2884; x_wconf 89' lang='lat' dir='ltr'><strong>utrumque</strong></span> <span class='ocrx_word' id='word_1_215' title='bbox 318 2796 507 2867; x_wconf 88' lang='lat' dir='ltr'><strong>subiectum</strong></span> <span class='ocrx_word' id='word_1_216' title='bbox 521 2804 557 2864; x_wconf 87' lang='lat' dir='ltr'><strong>et</strong></span> <span class='ocrx_word' id='word_1_217' title='bbox 572 2798 703 2884; x_wconf 78' lang='lat' dir='ltr'><strong>Thetys</strong></span> <span class='ocrx_word' id='word_1_218' title='bbox 719 2803 754 2863; x_wconf 90' lang='lat' dir='ltr'><strong>et</strong></span> <span class='ocrx_word' id='word_1_219' title='bbox 766 2796 920 2864; x_wconf 80' lang='lat' dir='ltr'><strong>Oceanus</strong></span> <span class='ocrx_word' id='word_1_220' title='bbox 934 2805 1130 2888; x_wconf 88' lang='lat' dir='ltr'><strong>separatum</strong></span> <span class='ocrx_word' id='word_1_221' title='bbox 1143 2797 1273 2866; x_wconf 89' lang='lat' dir='ltr'><strong>indicet</strong></span> <span class='ocrx_word' id='word_1_222' title='bbox 1292 2821 1400 2868; x_wconf 88' lang='lat' dir='ltr'><strong>enun-</strong></span> 
     </span>
     <span class='ocr_line' id='line_1_27' title="bbox 120 2903 480 2970; baseline -0.003 0"><span class='ocrx_word' id='word_1_223' title='bbox 120 2905 252 2970; x_wconf 87' lang='lat' dir='ltr'><strong>tiatum</strong></span> <span class='ocrx_word' id='word_1_224' title='bbox 284 2903 404 2970; x_wconf 83' lang='lat' dir='ltr'><strong>Simile</strong></span> <span class='ocrx_word' id='word_1_225' title='bbox 428 2911 480 2970; x_wconf 91' lang='lat' dir='ltr'><strong>est</strong></span> 
     </span>
     <span class='ocr_line' id='line_1_28' title="bbox 118 3011 1263 3098; baseline 0.003 -22"><span class='ocrx_word' id='word_1_226' title='bbox 118 3012 268 3098; x_wconf 81' lang='lat'><strong>89,1-4:</strong></span> <span class='ocrx_word' id='word_1_227' title='bbox 293 3011 426 3078; x_wconf 79' lang='lat' dir='ltr'><strong>Gellius</strong></span> <span class='ocrx_word' id='word_1_228' title='bbox 449 3019 500 3078; x_wconf 91' lang='lat' dir='ltr'><strong>est</strong></span> <span class='ocrx_word' id='word_1_229' title='bbox 522 3013 649 3078; x_wconf 89' lang='lat' dir='ltr'><strong>tenuis:</strong></span> <span class='ocrx_word' id='word_1_230' title='bbox 674 3012 757 3098; x_wconf 88' lang='lat' dir='ltr'><strong>quid</strong></span> <span class='ocrx_word' id='word_1_231' title='bbox 779 3011 837 3078; x_wconf 80' lang='lat' dir='ltr'><strong>ni?</strong></span> <span class='ocrx_word' id='word_1_232' title='bbox 861 3013 917 3078; x_wconf 88' lang='lat' dir='ltr'><strong>eui</strong></span> <span class='ocrx_word' id='word_1_233' title='bbox 938 3019 1010 3078; x_wconf 83' lang='lat' dir='ltr'><strong>tem</strong></span> <span class='ocrx_word' id='word_1_234' title='bbox 1032 3013 1122 3080; x_wconf 87' lang='lat' dir='ltr'><strong>bona</strong></span> <span class='ocrx_word' id='word_1_235' title='bbox 1144 3019 1263 3098; x_wconf 84' lang='lat' dir='ltr'><strong>mater,</strong></span> 
     </span>
     <span class='ocr_line' id='line_1_29' title="bbox 294 3115 1389 3207; baseline 0.004 -24"><span class='ocrx_word' id='word_1_236' title='bbox 294 3118 446 3206; x_wconf 77' lang='lat' dir='ltr'><strong>Tamque</strong></span> <span class='ocrx_word' id='word_1_237' title='bbox 468 3119 587 3186; x_wconf 86' lang='lat' dir='ltr'><strong>valens</strong></span> <span class='ocrx_word' id='word_1_238' title='bbox 609 3119 707 3187; x_wconf 87' lang='lat' dir='ltr'><strong>vivat</strong></span> <span class='ocrx_word' id='word_1_239' title='bbox 729 3127 868 3207; x_wconf 89' lang='lat' dir='ltr'><strong>tamque</strong></span> <span class='ocrx_word' id='word_1_240' title='bbox 890 3127 1035 3186; x_wconf 86' lang='lat' dir='ltr'><strong>venusta</strong></span> <span class='ocrx_word' id='word_1_241' title='bbox 1058 3141 1161 3206; x_wconf 91' lang='lat' dir='ltr'><strong>soror,</strong></span> <span class='ocrx_word' id='word_1_242' title='bbox 1387 3115 1389 3119; x_wconf 70' lang='grc'><strong>’</strong></span> 
     </span>
     <span class='ocr_line' id='line_1_30' title="bbox 295 3224 1313 3316; baseline 0.002 -26"><span class='ocrx_word' id='word_1_243' title='bbox 295 3225 447 3312; x_wconf 77' lang='lat' dir='ltr'><strong>Tamque</strong></span> <span class='ocrx_word' id='word_1_244' title='bbox 469 3225 580 3291; x_wconf 87' lang='lat' dir='ltr'><strong>bonus</strong></span> <span class='ocrx_word' id='word_1_245' title='bbox 602 3232 744 3314; x_wconf 89' lang='lat' dir='ltr'><strong>patruus</strong></span> <span class='ocrx_word' id='word_1_246' title='bbox 766 3233 905 3312; x_wconf 87' lang='lat' dir='ltr'><strong>tamque</strong></span> <span class='ocrx_word' id='word_1_247' title='bbox 928 3227 1043 3293; x_wconf 85' lang='lat' dir='ltr'><strong>omnia</strong></span> <span class='ocrx_word' id='word_1_248' title='bbox 1065 3227 1167 3316; x_wconf 91' lang='lat' dir='ltr'><strong>plena</strong></span> <span class='ocrx_word' id='word_1_249' title='bbox 1188 3224 1313 3316; x_wconf 88' lang='lat' dir='ltr'><strong>puellis</strong></span> 
     </span>
     <span class='ocr_line' id='line_1_31' title="bbox 295 3329 1059 3420; baseline 0.004 -23"><span class='ocrx_word' id='word_1_250' title='bbox 295 3331 469 3419; x_wconf 71' lang='lat' dir='ltr'><strong>cognatis,</strong></span> <span class='ocrx_word' id='word_1_251' title='bbox 493 3353 597 3420; x_wconf 86' lang='lat' dir='ltr'><strong>quare</strong></span> <span class='ocrx_word' id='word_1_252' title='bbox 619 3331 649 3397; x_wconf 91' lang='lat' dir='ltr'><strong>is</strong></span> <span class='ocrx_word' id='word_1_253' title='bbox 672 3329 808 3398; x_wconf 87' lang='lat' dir='ltr'><strong>desinat</strong></span> <span class='ocrx_word' id='word_1_254' title='bbox 830 3354 902 3400; x_wconf 91' lang='lat' dir='ltr'><strong>esse</strong></span> <span class='ocrx_word' id='word_1_255' title='bbox 924 3333 1059 3400; x_wconf 74' lang='lat' dir='ltr'><strong>macer?</strong></span> 
     </span>
     <span class='ocr_line' id='line_1_32' title="bbox 118 3437 1401 3529; baseline 0.002 -25"><span class='ocrx_word' id='word_1_256' title='bbox 118 3437 189 3524; x_wconf 93' lang='lat' dir='ltr'><strong>ubi,</strong></span> <span class='ocrx_word' id='word_1_257' title='bbox 205 3438 285 3526; x_wconf 88' lang='lat' dir='ltr'><strong>quia</strong></span> <span class='ocrx_word' id='word_1_258' title='bbox 301 3446 464 3526; x_wconf 84' lang='lat' dir='ltr'><strong>quattuor</strong></span> <span class='ocrx_word' id='word_1_259' title='bbox 480 3445 617 3505; x_wconf 88' lang='lat' dir='ltr'><strong>exstant</strong></span> <span class='ocrx_word' id='word_1_260' title='bbox 631 3439 797 3506; x_wconf 85' lang='lat' dir='ltr'><strong>subiecta:</strong></span> <span class='ocrx_word' id='word_1_261' title='bbox 817 3446 954 3527; x_wconf 64' lang='lat' dir='ltr'><strong>,maten</strong></span> <span class='ocrx_word' id='word_1_262' title='bbox 969 3461 1076 3525; x_wconf 88' lang='lat' dir='ltr'><strong>seror,</strong></span> <span class='ocrx_word' id='word_1_263' title='bbox 1091 3446 1241 3529; x_wconf 90' lang='lat' dir='ltr'><strong>patruus,</strong></span> <span class='ocrx_word' id='word_1_264' title='bbox 1257 3437 1401 3525; x_wconf 84' lang='lat' dir='ltr'><strong>omnis“,</strong></span> 
     </span>
     <span class='ocr_line' id='line_1_33' title="bbox 118 3545 1400 3634; baseline 0.002 -25"><span class='ocrx_word' id='word_1_265' title='bbox 118 3546 320 3634; x_wconf 79' lang='lat' dir='ltr'><strong>praesertim</strong></span> <span class='ocrx_word' id='word_1_266' title='bbox 347 3569 424 3615; x_wconf 92' lang='lat' dir='ltr'><strong>cum</strong></span> <span class='ocrx_word' id='word_1_267' title='bbox 451 3547 636 3632; x_wconf 90' lang='lat' dir='ltr'><strong>unicuique</strong></span> <span class='ocrx_word' id='word_1_268' title='bbox 663 3567 780 3613; x_wconf 91' lang='lat' dir='ltr'><strong>eorum</strong></span> <span class='ocrx_word' id='word_1_269' title='bbox 807 3567 868 3634; x_wconf 89' lang='lat' dir='ltr'><strong>per</strong></span> <span class='ocrx_word' id='word_1_270' title='bbox 895 3545 981 3613; x_wconf 89' lang='lat' dir='ltr'><strong>illud</strong></span> <span class='ocrx_word' id='word_1_271' title='bbox 1010 3552 1118 3632; x_wconf 82' lang='lat' dir='ltr'><strong>„tem“</strong></span> <span class='ocrx_word' id='word_1_272' title='bbox 1142 3549 1199 3614; x_wconf 86' lang='lat' dir='ltr'><strong>vel</strong></span> <span class='ocrx_word' id='word_1_273' title='bbox 1223 3551 1400 3634; x_wconf 87' lang='lat' dir='ltr'><strong>„tamqus“</strong></span> 
     </span>
     <span class='ocr_line' id='line_1_34' title="bbox 118 3650 1402 3742; baseline 0.002 -26"><span class='ocrx_word' id='word_1_274' title='bbox 118 3652 228 3717; x_wconf 75' lang='lat' dir='ltr'><strong>maior</strong></span> <span class='ocrx_word' id='word_1_275' title='bbox 257 3650 396 3718; x_wconf 87' lang='lat' dir='ltr'><strong>accedat</strong></span> <span class='ocrx_word' id='word_1_276' title='bbox 424 3654 488 3737; x_wconf 89' lang='lat' dir='ltr'><strong>vis,</strong></span> <span class='ocrx_word' id='word_1_277' title='bbox 518 3660 676 3742; x_wconf 86' lang='lat' dir='ltr'><strong>putamus</strong></span> <span class='ocrx_word' id='word_1_278' title='bbox 700 3653 874 3718; x_wconf 79' lang='lat' dir='ltr'><strong>Catullum</strong></span> <span class='ocrx_word' id='word_1_279' title='bbox 905 3653 979 3718; x_wconf 88' lang='lat' dir='ltr'><strong>sine</strong></span> <span class='ocrx_word' id='word_1_280' title='bbox 1006 3651 1110 3720; x_wconf 91' lang='lat' dir='ltr'><strong>dubio</strong></span> <span class='ocrx_word' id='word_1_281' title='bbox 1136 3654 1295 3740; x_wconf 89' lang='lat' dir='ltr'><strong>voluisse,</strong></span> <span class='ocrx_word' id='word_1_282' title='bbox 1318 3653 1402 3719; x_wconf 91' lang='lat' dir='ltr'><strong>haec</strong></span> 
     </span>
     <span class='ocr_line' id='line_1_35' title="bbox 120 3758 1401 3846; baseline 0.002 -24"><span class='ocrx_word' id='word_1_283' title='bbox 120 3779 194 3824; x_wconf 90' lang='lat' dir='ltr'><strong>esse</strong></span> <span class='ocrx_word' id='word_1_284' title='bbox 223 3764 385 3845; x_wconf 88' lang='lat' dir='ltr'><strong>quattuor</strong></span> <span class='ocrx_word' id='word_1_285' title='bbox 415 3758 593 3825; x_wconf 88' lang='lat' dir='ltr'><strong>enuntiata</strong></span> <span class='ocrx_word' id='word_1_286' title='bbox 624 3759 769 3845; x_wconf 79' lang='lat' dir='ltr'><strong>singula</strong></span> <span class='ocrx_word' id='word_1_287' title='bbox 807 3759 1011 3845; x_wconf 89' lang='lat' dir='ltr'><strong>Plerumque</strong></span> <span class='ocrx_word' id='word_1_288' title='bbox 1040 3758 1150 3846; x_wconf 86' lang='lat' dir='ltr'><strong>igitur</strong></span> <span class='ocrx_word' id='word_1_289' title='bbox 1184 3782 1226 3826; x_wconf 87' lang='lat' dir='ltr'><strong>ex</strong></span> <span class='ocrx_word' id='word_1_290' title='bbox 1259 3779 1401 3826; x_wconf 88' lang='lat' dir='ltr'><strong>numero</strong></span> 
     </span>
     <span class='ocr_line' id='line_1_36' title="bbox 119 3863 1402 3953; baseline 0.002 -23"><span class='ocrx_word' id='word_1_291' title='bbox 119 3863 350 3938; x_wconf 86' lang='lat' dir='ltr'><strong>subiectorum</strong></span> <span class='ocrx_word' id='word_1_292' title='bbox 377 3887 463 3953; x_wconf 92' lang='lat' dir='ltr'><strong>quae</strong></span> <span class='ocrx_word' id='word_1_293' title='bbox 490 3872 627 3932; x_wconf 87' lang='lat' dir='ltr'><strong>exstant</strong></span> <span class='ocrx_word' id='word_1_294' title='bbox 660 3887 840 3931; x_wconf 89' lang='lat' dir='ltr'><strong>numerum</strong></span> <span class='ocrx_word' id='word_1_295' title='bbox 869 3866 1125 3933; x_wconf 89' lang='lat' dir='ltr'><strong>enuntiatorum</strong></span> <span class='ocrx_word' id='word_1_296' title='bbox 1154 3866 1402 3944; x_wconf 84' lang='lat' dir='ltr'><strong>constituimus,</strong></span> 
     </span>
     <span class='ocr_line' id='line_1_37' title="bbox 119 3970 1403 4060; baseline 0.002 -22"><span class='ocrx_word' id='word_1_297' title='bbox 119 3970 188 4038; x_wconf 89' lang='lat' dir='ltr'><strong>Sed</strong></span> <span class='ocrx_word' id='word_1_298' title='bbox 210 3994 281 4038; x_wconf 92' lang='lat' dir='ltr'><strong>non</strong></span> <span class='ocrx_word' id='word_1_299' title='bbox 302 3971 429 4059; x_wconf 90' lang='lat' dir='ltr'><strong>ubique</strong></span> <span class='ocrx_word' id='word_1_300' title='bbox 451 3972 517 4038; x_wconf 93' lang='lat' dir='ltr'><strong>hoc</strong></span> <span class='ocrx_word' id='word_1_301' title='bbox 540 3971 692 4056; x_wconf 86' lang='lat' dir='ltr'><strong>fecimus,</strong></span> <span class='ocrx_word' id='word_1_302' title='bbox 716 3993 795 4038; x_wconf 81' lang='lat' dir='ltr'><strong>nam</strong></span> <span class='ocrx_word' id='word_1_303' title='bbox 818 3971 878 4036; x_wconf 93' lang='lat' dir='ltr'><strong>ubi</strong></span> <span class='ocrx_word' id='word_1_304' title='bbox 901 3973 1075 4060; x_wconf 87' lang='lat' dir='ltr'><strong>complura</strong></span> <span class='ocrx_word' id='word_1_305' title='bbox 1097 3973 1257 4060; x_wconf 86' lang='lat' dir='ltr'><strong>subiecta,</strong></span> <span class='ocrx_word' id='word_1_306' title='bbox 1280 3974 1403 4060; x_wconf 87' lang='lat' dir='ltr'><strong>quibus</strong></span> 
     </span>
     <span class='ocr_line' id='line_1_38' title="bbox 119 4077 1402 4168; baseline -0.001 -22"><span class='ocrx_word' id='word_1_307' title='bbox 119 4102 227 4146; x_wconf 91' lang='lat' dir='ltr'><strong>unum</strong></span> <span class='ocrx_word' id='word_1_308' title='bbox 254 4086 389 4147; x_wconf 87' lang='lat' dir='ltr'><strong>tantum</strong></span> <span class='ocrx_word' id='word_1_309' title='bbox 416 4079 650 4168; x_wconf 86' lang='lat' dir='ltr'><strong>praedicatum</strong></span> <span class='ocrx_word' id='word_1_310' title='bbox 677 4077 833 4146; x_wconf 88' lang='lat' dir='ltr'><strong>additum</strong></span> <span class='ocrx_word' id='word_1_311' title='bbox 857 4085 918 4164; x_wconf 89' lang='lat' dir='ltr'><strong>est,</strong></span> <span class='ocrx_word' id='word_1_312' title='bbox 942 4081 980 4144; x_wconf 93' lang='lat' dir='ltr'><strong>in</strong></span> <span class='ocrx_word' id='word_1_313' title='bbox 1002 4101 1106 4146; x_wconf 89' lang='lat' dir='ltr'><strong>unam</strong></span> <span class='ocrx_word' id='word_1_314' title='bbox 1128 4081 1305 4147; x_wconf 88' lang='lat' dir='ltr'><strong>notionem</strong></span> <span class='ocrx_word' id='word_1_315' title='bbox 1328 4100 1402 4146; x_wconf 84' lang='lat' dir='ltr'><strong>coa·</strong></span> 
     </span>
     <span class='ocr_line' id='line_1_39' title="bbox 118 4185 1402 4275; baseline -0.002 -22"><span class='ocrx_word' id='word_1_316' title='bbox 118 4188 254 4253; x_wconf 90' lang='lat' dir='ltr'><strong>lescunt</strong></span> <span class='ocrx_word' id='word_1_317' title='bbox 264 4187 320 4253; x_wconf 88' lang='lat' dir='ltr'><strong>vel</strong></span> <span class='ocrx_word' id='word_1_318' title='bbox 332 4208 437 4252; x_wconf 81' lang='lat' dir='ltr'><strong>unum</strong></span> <span class='ocrx_word' id='word_1_319' title='bbox 453 4187 662 4271; x_wconf 86' lang='lat' dir='ltr'><strong>eandemque</strong></span> <span class='ocrx_word' id='word_1_320' title='bbox 677 4206 750 4250; x_wconf 90' lang='lat' dir='ltr'><strong>rem</strong></span> <span class='ocrx_word' id='word_1_321' title='bbox 765 4185 972 4272; x_wconf 82' lang='lat' dir='ltr'><strong>significant,</strong></span> <span class='ocrx_word' id='word_1_322' title='bbox 989 4186 1073 4252; x_wconf 82' lang='lat' dir='ltr'><strong>haec</strong></span> <span class='ocrx_word' id='word_1_323' title='bbox 1086 4208 1149 4275; x_wconf 89' lang='lat' dir='ltr'><strong>pro</strong></span> <span class='ocrx_word' id='word_1_324' title='bbox 1164 4208 1233 4253; x_wconf 91' lang='lat' dir='ltr'><strong>une</strong></span> <span class='ocrx_word' id='word_1_325' title='bbox 1248 4185 1402 4254; x_wconf 85' lang='lat' dir='ltr'><strong>subiecto</strong></span> 
     </span>
     <span class='ocr_line' id='line_1_40' title="bbox 119 4292 1074 4382; baseline -0.001 -22"><span class='ocrx_word' id='word_1_326' title='bbox 119 4302 156 4361; x_wconf 92' lang='lat' dir='ltr'><strong>et</strong></span> <span class='ocrx_word' id='word_1_327' title='bbox 178 4300 292 4360; x_wconf 90' lang='lat' dir='ltr'><strong>totum</strong></span> <span class='ocrx_word' id='word_1_328' title='bbox 315 4294 482 4360; x_wconf 86' lang='lat' dir='ltr'><strong>ambitum</strong></span> <span class='ocrx_word' id='word_1_329' title='bbox 503 4313 567 4382; x_wconf 91' lang='lat' dir='ltr'><strong>pro</strong></span> <span class='ocrx_word' id='word_1_330' title='bbox 589 4310 659 4356; x_wconf 91' lang='lat' dir='ltr'><strong>uno</strong></span> <span class='ocrx_word' id='word_1_331' title='bbox 683 4292 862 4358; x_wconf 86' lang='lat' dir='ltr'><strong>enuntiato</strong></span> <span class='ocrx_word' id='word_1_332' title='bbox 886 4293 1074 4359; x_wconf 87' lang='lat' dir='ltr'><strong>habuimus.</strong></span> 
     </span>
     <span class='ocr_line' id='line_1_41' title="bbox 209 4395 1404 4484; baseline -0.001 -19"><span class='ocrx_word' id='word_1_333' title='bbox 209 4398 342 4466; x_wconf 84' lang='lat' dir='ltr'><strong>Eodem</strong></span> <span class='ocrx_word' id='word_1_334' title='bbox 377 4399 448 4466; x_wconf 86' lang='lat' dir='ltr'><strong>fere</strong></span> <span class='ocrx_word' id='word_1_335' title='bbox 483 4396 585 4466; x_wconf 91' lang='lat' dir='ltr'><strong>modo</strong></span> <span class='ocrx_word' id='word_1_336' title='bbox 615 4395 840 4464; x_wconf 86' lang='lat' dir='ltr'><strong>iudicavimus</strong></span> <span class='ocrx_word' id='word_1_337' title='bbox 874 4399 916 4464; x_wconf 89' lang='lat' dir='ltr'><strong>iis</strong></span> <span class='ocrx_word' id='word_1_338' title='bbox 945 4400 983 4464; x_wconf 90' lang='lat' dir='ltr'><strong>in</strong></span> <span class='ocrx_word' id='word_1_339' title='bbox 1012 4399 1106 4484; x_wconf 91' lang='lat' dir='ltr'><strong>locis,</strong></span> <span class='ocrx_word' id='word_1_340' title='bbox 1136 4398 1197 4465; x_wconf 89' lang='lat' dir='ltr'><strong>ubi</strong></span> <span class='ocrx_word' id='word_1_341' title='bbox 1225 4398 1269 4465; x_wconf 87' lang='lat' dir='ltr'><strong>ad</strong></span> <span class='ocrx_word' id='word_1_342' title='bbox 1295 4418 1404 4464; x_wconf 90' lang='lat' dir='ltr'><strong>unum</strong></span> 
     </span>
    </p>
   </div>
   <div class='ocr_carea' id='block_1_3' title="bbox 118 4502 1403 4668">
    <p class='ocr_par' dir='ltr' id='par_1_3' title="bbox 118 4502 1403 4668">
     <span class='ocr_line' id='line_1_42' title="bbox 118 4502 1403 4596; baseline -0.002 -21"><span class='ocrx_word' id='word_1_343' title='bbox 118 4507 313 4576; x_wconf 88' lang='lat' dir='ltr'><strong>subiectum</strong></span> <span class='ocrx_word' id='word_1_344' title='bbox 346 4506 542 4596; x_wconf 85' lang='lat' dir='ltr'><strong>praedicata</strong></span> <span class='ocrx_word' id='word_1_345' title='bbox 576 4504 750 4594; x_wconf 89' lang='lat' dir='ltr'><strong>complura</strong></span> <span class='ocrx_word' id='word_1_346' title='bbox 783 4504 900 4571; x_wconf 89' lang='lat' dir='ltr'><strong>addita</strong></span> <span class='ocrx_word' id='word_1_347' title='bbox 937 4514 1027 4573; x_wconf 84' lang='lat' dir='ltr'><strong>sunt</strong></span> <span class='ocrx_word' id='word_1_348' title='bbox 1072 4505 1271 4573; x_wconf 89' lang='lat' dir='ltr'><strong>Subiectum</strong></span> <span class='ocrx_word' id='word_1_349' title='bbox 1306 4502 1403 4592; x_wconf 88' lang='lat' dir='ltr'><strong>illud,</strong></span> 
     </span>
     <span class='ocr_line' id='line_1_43' title="bbox 1186 4614 1220 4668; baseline 0 -19"><span class='ocrx_word' id='word_1_350' title='bbox 1186 4614 1220 4668; x_wconf 82' lang='lat'><strong>3*</strong></span> 
     </span>
    </p>
   </div>
   <div class='ocr_carea' id='block_1_4' title="bbox 0 0 1672 5012">
    <p class='ocr_par' dir='ltr' id='par_1_4' title="bbox 0 0 1672 5012">
     <span class='ocr_line' id='line_1_44' title="bbox 0 0 1672 5012; baseline 0 0"><span class='ocrx_word' id='word_1_351' title='bbox 0 0 1672 5012; x_wconf 95' lang='lat' dir='ltr'><strong> </strong></span> 
     </span>
    </p>
   </div>
  </div>
 </body>
</html>
