3320 5012
817 36 1015 112 -4-

279 215 414 284 tacticis
437 238 570 306 quoque
597 215 698 286 rebus
724 218 899 286 nonnullis
926 218 1086 286 disseruit
1108 219 1281 288 Gustavus
1304 211 1564 287 Overholthaus

279 324 446 410 (syntaxis
469 324 681 391 Catullianae
705 326 818 414 capita
840 322 917 410 duo,
945 326 1165 414 Papenburgi
1189 327 1288 411 1875)
1318 348 1356 392 sc
1385 327 1564 414 permulta

279 430 442 498 habemus
465 431 502 496 in
525 419 803 499 annotationibus
827 430 1016 499 editionum
1039 438 1075 498 et
1097 432 1135 497 in
1157 432 1412 519 quaestionibus
1427 433 1564 499 criticis

278 537 505 625 matricisque,
529 560 671 626 quarum
695 538 791 627 copia
814 538 922 604 maior
945 545 996 605 est
1019 561 1121 626 quam
1143 561 1230 625 quae
1249 537 1403 605 hocloco
1419 561 1563 605 enume-

278 643 348 709 rari
365 645 506 733 possint.
530 644 598 712 Sed
621 645 681 733 qui
695 644 824 712 canui
846 645 964 712 stilum
987 644 1129 730 (utimur
1150 646 1214 712 hac
1236 667 1329 731 voce,
1353 667 1563 733 quamquam

279 751 432 818 alatinis
447 752 669 842 scriptoribus
690 752 811 818 aetatis
835 774 957 819 aureae
980 774 1066 841 quae
1088 751 1214 820 dicitur
1236 752 1285 819 sic
1307 758 1468 842 usurpata
1485 773 1563 818 non

279 855 374 943 esti),
402 864 442 925 ut
464 855 640 926 commoda
663 864 699 924 et
721 881 813 925 nunc
835 859 1068 939 usitatissima)
1092 859 1321 949 exploraverit
1344 859 1482 947 eiusque
1505 857 1562 924 di-

278 963 379 1030 cendi
400 988 509 1054 genus
532 989 610 1034 cum
632 965 779 1033 aliorum
800 966 1004 1057 scriptorum
1026 989 1090 1034 usu
1105 990 1145 1034 ac
1159 967 1292 1034 ratione
1307 965 1563 1054 comparaverit

278 1070 389 1138 adhuc
411 1073 449 1139 in
472 1073 583 1140 lucem
605 1095 675 1140 non
697 1073 827 1162 prodiit
849 1079 952 1161 atque
966 1073 1004 1140 in
1020 1075 1280 1160 commentariis,
1296 1073 1417 1163 quibus
1429 1072 1564 1140 Catulli

279 1179 429 1246 carmina
451 1181 688 1248 instruxerunt
710 1187 746 1247 et
767 1180 1027 1248 illustraverunt
1041 1181 1194 1248 homines
1210 1180 1313 1265 docti,
1329 1179 1382 1246 his
1397 1179 1562 1246 derebus

278 1285 350 1352 fere
378 1286 467 1352 nihil
496 1286 680 1355 invenitur.
714 1287 786 1354 Nos
816 1287 1025 1375 suscepimus
1054 1287 1216 1356 disserere
1247 1309 1313 1377 qua
1337 1287 1562 1376 periodorum

279 1392 547 1460 conformatione
563 1394 716 1460 Catullus
739 1416 819 1461 usus
842 1394 896 1460 sit
918 1393 1161 1462 Perdifficilem
1184 1418 1256 1462 esse
1277 1395 1366 1460 hanc
1388 1393 1561 1480 quaestio-

278 1522 358 1566 nem
379 1522 450 1568 non
472 1501 683 1588 ignoramus3
707 1499 750 1566 de
772 1500 837 1567 hac
860 1501 952 1568 enim
972 1501 1215 1588 grammaticae
1229 1507 1337 1590 parte,
1354 1522 1432 1566 cum
1446 1499 1561 1586 magis

278 1628 380 1693 quam
403 1613 535 1674 ceterae
557 1606 688 1674 inculta
709 1607 820 1674 iaceat
847 1613 882 1673 et
909 1605 1072 1675 derelicta
1099 1608 1172 1675 sive
1194 1607 1350 1675 Catullus
1376 1606 1561 1695 respicitur

278 1713 351 1781 sive
378 1713 463 1780 alius
491 1715 639 1804 scriptor
665 1715 802 1800 latinus,
829 1713 902 1781 fere
927 1715 1016 1782 nihil
1038 1738 1145 1804 usque
1167 1713 1211 1781 ad
1233 1721 1385 1782 nostrum
1407 1719 1560 1780 aetatem
1645 1723 1646 1744 ¹

277 1820 442 1911 scriptum
470 1827 530 1906 est,
556 1822 600 1888 ad
629 1819 721 1909 quod
747 1820 1019 1890 dissertationem
1040 1828 1192 1888 nostram
1215 1821 1363 1909 dirigere
1385 1826 1422 1887 et
1443 1819 1560 1909 dispo-

276 1948 358 1994 nere
372 1929 548 2016 possimus.
571 1928 603 1994 Ii
617 1936 732 1997 autem
747 1929 827 1996 libri
842 1929 902 2016 qui
916 1935 998 1996 sunt
1012 1927 1055 1995 de
1068 1929 1189 2016 lingua
1203 1928 1311 1997 latina
1328 1929 1423 2015 leges
1442 1949 1559 2015 gram-

276 2034 418 2102 maticas
434 2034 571 2123 quidem
587 2058 625 2102 sc
643 2035 850 2123 syntecticus
866 2035 1039 2122 exhibent,
1054 2035 1126 2103 fere
1140 2035 1229 2102 nihil
1244 2042 1360 2104 tamen
1373 2033 1560 2124 proferunt

277 2138 320 2206 de
347 2139 565 2230 periodorum
593 2141 864 2210 conformatione
890 2142 986 2210 nulla
1012 2142 1079 2210 alia
1106 2141 1148 2210 de
1176 2165 1275 2210 causa
1302 2149 1343 2210 ut
1364 2142 1557 2231 opinamur,

277 2269 379 2334 quam
406 2248 497 2337 quod
524 2249 739 2336 grammatici
764 2249 819 2316 his
846 2249 888 2316 de
914 2250 1018 2317 rebus
1042 2249 1133 2316 inter
1160 2271 1196 2315 se
1219 2249 1359 2316 omnino
1381 2268 1452 2314 non
1474 2269 1557 2314 con-

276 2355 430 2421 sentiunt
451 2353 509 2422 vel
532 2356 623 2443 quod
643 2355 758 2423 omnia
777 2376 864 2443 quae
878 2355 945 2421 huc
959 2355 1137 2444 pertinent
1150 2355 1254 2422 dubia
1268 2349 1350 2422 sunt
1364 2361 1400 2421 et
1414 2355 1556 2422 incerta.

275 2461 503 2550 Permagnam
524 2463 633 2550 igitur
655 2463 849 2532 invenimus
872 2460 1115 2530 dissensimem
1137 2463 1180 2530 da
1202 2462 1297 2529 vocis
1322 2460 1493 2552 ,periodil
1516 2463 1556 2530 vi

275 2591 315 2636 ac
341 2569 494 2655 notione,
522 2592 625 2658 quare
651 2570 849 2660 priusquam
871 2567 915 2634 ad
937 2568 1069 2637 Outulli
1089 2568 1315 2658 proprietates
1337 2567 1555 2657 exponendas

276 2673 518 2762 aggrediamur
540 2699 677 2743 necesse
699 2698 771 2744 esse
792 2676 930 2743 videtur
952 2675 991 2741 in
1011 2676 1209 2744 universum
1224 2674 1394 2764 explicare
1409 2672 1492 2762 quid
1507 2674 1556 2740 sit

274 2779 442 2872 periodus.

683 2976 800 3079 lluid
832 2977 897 3079 sit
927 2975 1150 3100 periodus.

367 3173 454 3243 (lum
476 3175 553 3262 quis
576 3172 658 3264 quid
681 3174 727 3242 sit
748 3174 908 3263 periodus
930 3172 1121 3240 accuratius
1144 3171 1287 3240 definire
1309 3172 1393 3257 vult,
1421 3172 1453 3238 ei
1476 3179 1558 3240 ante
1645 3163 1646 3232 3

277 3282 393 3348 omnia
407 3304 493 3369 quae
508 3289 641 3351 veteres
657 3288 693 3348 et
707 3281 830 3348 Graeci
853 3288 889 3348 et
911 3279 1030 3347 Latini
1051 3279 1115 3346 hac
1138 3277 1181 3346 de
1202 3301 1240 3346 re
1263 3277 1414 3346 dixerint
1435 3278 1556 3347 viden·

277 3387 360 3454 dum
374 3395 434 3455 est
460 3389 561 3455 Hanc
583 3388 676 3456 viam
696 3389 905 3472 Wesenerus,
928 3409 1006 3454 cum
1027 3386 1066 3452 in
1088 3386 1171 3452 anni
1195 3387 1282 3452 1860
1303 3392 1556 3475 programmate

276 3493 442 3562 Fuldensi
456 3495 500 3562 de
514 3494 733 3584 periodorum
747 3495 971 3562 Livianarum
993 3493 1258 3582 proprietatibus
1281 3500 1409 3581 ageret,
1432 3493 1555 3559 merito

276 3607 379 3689 atque
403 3601 531 3689 optimo
554 3601 628 3667 iure
651 3608 787 3668 secutus
810 3607 870 3668 est
900 3601 975 3666 Hac
997 3600 1035 3666 in
1058 3599 1256 3686 quaestione
1270 3622 1341 3666 non
1356 3621 1482 3689 paucos
1496 3620 1555 3666 ve·

276 3715 389 3774 terum
411 3707 617 3797 scriptorum
639 3709 731 3774 locos
753 3707 958 3792 invenimus,
974 3704 1153 3790 exquibus
1169 3727 1236 3791 quo
1250 3704 1352 3773 modo
1367 3705 1421 3772 illi
1434 3725 1554 3774 vocem

276 3812 408 3903 periodi
430 3814 666 3881 intellexerint
689 3835 891 3902 cognoscere
913 3833 1099 3902 possumus.
1121 3812 1176 3878 Ex
1198 3834 1325 3901 magna
1346 3813 1554 3880 Graecorum
1645 3869 1646 3872 ,

278 3923 375 4012 copia
397 3922 555 3989 sufficere
577 3921 663 3989 mihi
685 3921 823 3990 videtur
845 3943 952 3988 uuum
974 3920 1131 3987 hocloco
1146 3920 1269 3987 afferre
1284 3919 1483 4010 scriptorem
1499 3920 1554 3985 cui
1645 3941 1646 3970 i

277 4029 424 4096 maxima
447 4035 499 4096 est
521 4027 677 4097 habenda
699 4025 792 4113 fides,
808 4027 970 4114 quoniam
985 4026 1090 4093 ceteri
1106 4048 1221 4094 omnes
1236 4027 1286 4092 ita
1302 4047 1379 4092 oum
1394 4027 1459 4092 hoc
1475 4047 1553 4092 con·

277 4137 440 4222 sentiunt,
468 4143 509 4203 ut
534 4159 613 4204 eum
635 4135 745 4202 secuti
765 4133 957 4221 videantur,
979 4134 1203 4201 Aristotelem
1225 4133 1312 4216 dico,
1337 4132 1397 4219 qui
1418 4131 1456 4197 in
1478 4131 1552 4198 rhe-

276 4249 340 4310 tor.
362 4241 427 4328 111,
451 4243 472 4308 9
494 4243 579 4310 haec
601 4241 750 4332 csripsit:
782 4240 863 4326 layo
886 4239 922 4306 δὲ
942 4239 1098 4326 περίοδον
1118 4241 1201 4320 λέξιν
1223 4235 1358 4319 ἔχουσαν
1380 4232 1479 4324 ἀρχὴν
1498 4239 1553 4304 καὶ

347 4424 373 4490 ’)
393 4423 426 4479 cf.
446 4423 567 4493 Ernesti,
586 4421 699 4478 lexicon
718 4419 914 4491 technologiaa
932 4417 1099 4476 Latinorum
1117 4417 1286 4490 rhetoricae,
1305 4417 1380 4490 Lips.
1400 4415 1469 4470 1777
1488 4431 1551 4485 pag.

277 4511 329 4566 372
347 4529 389 4581 sq.
