3320 5012
662 51 862 130 -4'7-

190 236 233 322 1,
247 255 279 320 3:
303 234 449 320 Corneli,
473 233 553 303 tibi:
576 257 722 322 namque
745 243 785 304 tu
807 238 938 306 solebas

305 341 399 408 Meas
421 363 494 408 esse
515 341 646 430 aliquid
667 350 788 432 putare
809 367 920 432 nugas
943 351 1005 411 cet

80 449 152 535 37,
172 472 216 534 93
242 449 372 534 64,zaa;
396 449 449 534 65,
464 471 492 535 53
516 451 569 535 66,
583 471 631 536 ⁶55
655 453 768 537 66,71;
792 454 846 537 66,
859 473 905 538 85,
929 453 983 538 99,
997 488 1020 538 3.

205 556 277 622 His
299 553 455 622 addenda
478 563 559 622 sunt
580 578 688 645 pauca
704 557 867 647 exempla,
882 559 918 624 in
935 560 1057 647 quibus
1073 559 1191 627 eodem
1205 565 1307 629 modo
1322 585 1398 652 par-

83 664 229 730 ticula
252 663 383 748 ‚,enim“
407 671 569 751 usurpata
592 670 706 730 estut

169 773 234 857 12,
250 792 281 842 ⁶:
305 769 413 838 Orede
435 770 585 836 Pollioni
606 769 719 837 fratri:
743 778 796 838 est
817 772 910 840 enim
931 775 1086 864 leporum

304 879 462 957 Disertus
483 899 570 967 puer
591 899 630 944 ac
653 876 863 946 facetiarum.

89 989 161 1074 35,
184 1021 229 1059 10·

208 1095 386 1161 Postremo
409 1113 498 1158 unus
521 1091 615 1158 locus
637 1091 735 1158 nobis
758 1092 955 1160 tractandus
978 1101 1040 1180 est,
1064 1096 1123 1163 ubi
1144 1099 1311 1184 particula
1326 1100 1398 1185 „ni-

91 1203 265 1270 mirum“
288 1198 480 1268 invenitur:

95 1313 171 1396 62,
190 1330 278 1394 6-7:
302 1306 462 1391 Comitis,
484 1306 660 1393 innuptae,
683 1304 844 1373 iuvenes?
869 1308 1065 1394 consurgite
1088 1315 1214 1376 contra

301 1415 473 1482 Nimirum
496 1412 640 1479 Oetaeos
664 1410 814 1478 ostendit
836 1413 991 1479 Noctifer
1013 1415 1120 1501 ignes.

104 1525 213 1590 Haec
238 1521 408 1612 particula
436 1519 636 1605 „nimirum“
665 1541 800 1587 causam
825 1519 936 1605 affert,
961 1544 1020 1588 our
1041 1523 1235 1611 virginibus
1258 1548 1394 1594 consur-

114 1631 270 1718 gendum
300 1628 356 1712 sit,
385 1632 426 1693 ut
454 1625 557 1692 scribi
586 1625 694 1715 possit
724 1625 821 1713 „quia
842 1626 999 1694 Noctifer
1028 1628 1097 1696 iam
1120 1629 1264 1699 Oetaeos
1294 1634 1392 1720 ignes

109 1735 297 1804 ostendit“
334 1735 424 1800 Nam
454 1754 532 1798 cum
561 1731 735 1820 sapissime
763 1737 839 1798 tum
865 1732 931 1800 hoc
958 1756 1092 1821 quoque
1114 1737 1189 1805 loco
1212 1737 1299 1806 illud
1323 1742 1394 1825 „ni-

108 1844 260 1911 mirum“
287 1840 380 1908 idem
406 1839 580 1928 significat
606 1845 709 1924 atque
732 1845 863 1904 ceterae
884 1840 1073 1928 particulae
1095 1845 1254 1932 causales,
1278 1869 1394 1933 quam-

110 1972 222 2039 quam
242 1949 400 2016 Handius
422 1945 616 2036 (Tursellin.
634 1944 686 2012 IV
700 1945 812 2030 203,1
837 1951 872 2011 et
894 1947 968 2032 205,
991 1951 1024 2031 5)
1048 1951 1196 2037 exponit,
1219 1975 1295 2020 eam
1316 1976 1393 2042 par.

110 2058 257 2125 ticulum
278 2057 479 2146 plerumque
500 2053 594 2120 idem
616 2075 687 2118 esse
710 2074 749 2118 ac
773 2053 867 2138 „sine
891 2052 1016 2121 dubio“
1039 2057 1097 2124 vel
1119 2065 1260 2143 ‚‚certe“.

205 2163 254 2230 Hi
275 2170 357 2230 sunt
378 2161 445 2228 loci
467 2160 539 2227 fere
561 2180 679 2226 omnes
701 2166 742 2226 ut
764 2160 952 2248 opinamur,
974 2162 1013 2228 in
1036 2164 1158 2251 quibus
1177 2169 1393 2236 enuntiatum

111 2272 315 2362 primarium
330 2278 383 2336 est
396 2289 460 2358 pro
475 2267 653 2334 enuntiato
676 2267 875 2333 secundario
899 2269 1036 2354 causali;
1060 2270 1204 2339 fortasse
1218 2277 1393 2344 nonnullis

111 2379 193 2447 aliis
221 2380 259 2446 in
289 2377 372 2444 locis
402 2375 507 2442 simili
535 2375 635 2441 modo
663 2372 841 2463 periodum
869 2376 1033 2444 evitatam
1056 2400 1127 2446 esse
1149 2381 1284 2448 docebit
1306 2384 1392 2450 alius

111 2485 204 2573 quis,
232 2490 268 2550 at
294 2484 482 2552 cavendum
508 2488 570 2568 est,
593 2503 637 2546 na
660 2479 762 2546 nimis
784 2480 868 2547 haec
891 2483 1042 2568 quaestio
1065 2493 1238 2573 urgeatur,
1262 2509 1300 2554 ac
1323 2511 1392 2555 me-

112 2591 258 2674 tuimus,
285 2611 328 2655 ne
354 2611 414 2656 nos
442 2609 575 2675 quoque
602 2586 667 2653 hoc
690 2585 802 2652 facere
824 2609 896 2653 non
918 2589 1000 2656 satis
1023 2590 1273 2679 evitaverimus,
1296 2617 1391 2683 prae-

113 2697 234 2764 sertim
269 2719 343 2764 cum
377 2720 419 2763 ex
452 2696 516 2762 hac
549 2717 676 2782 magna
708 2696 940 2784 exemplorum
974 2697 1071 2785 copia
1104 2699 1187 2766 satis
1224 2724 1392 2791 superque

116 2803 274 2892 cognosci
296 2803 404 2893 possit
420 2802 592 2869 Catullum
615 2800 810 2890 saepissime
834 2800 1090 2870 coordinatione
1112 2827 1212 2873 usum
1234 2831 1306 2875 esse
1328 2830 1391 2898 pro

113 2909 400 2978 subordinatione.
439 2909 528 2976 Nam
551 2931 628 2974 oum
651 2908 761 2974 causis
782 2908 965 2976 afferendis
987 2911 1071 2978 haec
1093 2915 1263 3001 permulta
1285 2938 1392 2982 enun-

112 3019 199 3085 tiata
225 3018 389 3107 primaria
418 3017 619 3101 inserviant,
649 3038 810 3082 numerus
837 3017 1093 3086 enuntiatorum
1115 3021 1392 3091 secundariorum

112 3125 299 3192 causalium
321 3125 431 3190 multo
455 3129 508 3190 est
528 3122 642 3188 minor
669 3128 704 3189 et
734 3123 991 3191 coniunctiones
1021 3124 1110 3212 illae,
1140 3149 1226 3214 quae
1256 3129 1310 3195 his
1339 3130 1391 3195 in-

11 3229 13 3242 '
110 3230 332 3299 troducendis
360 3230 560 3314 inserviant,
590 3234 726 3318 praeter
754 3230 958 3318 particulam
989 3231 1131 3319 ,‚quod“‚
1165 3257 1251 3321 quae
1285 3236 1391 3304 vicies

111 3339 249 3406 circiter
274 3338 454 3428 reperitur,
481 3336 757 3405 inusitatissimae
784 3343 864 3402 aunt
886 3336 977 3425 apud
1000 3337 1180 3406 Catullum.
1204 3342 1299 3408 Haec
1321 3343 1391 3410 suf-

110 3444 212 3511 ficere
228 3445 327 3512 nobis
342 3443 504 3513 videntur
517 3442 561 3509 de
575 3442 619 3510 iis
641 3443 734 3528 locis,
757 3442 818 3509 ubi
840 3445 1017 3509 enuntiata
1039 3445 1201 3533 primaria
1223 3447 1273 3514 ita
1295 3471 1390 3515 usur-

111 3557 193 3640 pata
215 3558 307 3637 sunt,
330 3558 371 3619 ut
390 3572 453 3640 pro
476 3548 663 3617 enuntiatis
686 3547 895 3616 secundariis
917 3571 1053 3617 causam
1074 3551 1236 3620 indicent

201 3657 427 3726 Transeamus
456 3656 502 3724 ad
530 3664 643 3724 cetera
673 3657 928 3722 enuntiatorum
954 3656 1232 3727 secundariorum
1254 3683 1391 3748 genera,

111 3783 193 3830 nam
221 3785 284 3853 pro
315 3765 504 3831 enuntiatis
532 3763 798 3849 uniuscuiusque
828 3762 964 3850 generis
994 3773 1157 3854 usurpata
1186 3772 1267 3832 sunt
1301 3765 1392 3855 apud

111 3871 256 3940 Latinos
286 3873 465 3939 enuntiata
493 3871 662 3961 primaria,
694 3869 787 3958 quod
820 3870 925 3937 etiam
958 3870 1152 3958 Draegerus
1186 3873 1272 3960 (biit
1295 3878 1392 3962 &put

111 3979 251 4069 11213)
287 3981 445 4070 exposuit
473 3979 527 4046 his
557 3978 685 4046 verbis:
720 3981 764 4049 da
795 3980 874 4067 gicht
904 3981 945 4049 tm
974 3980 1079 4050 boleto
1108 3978 1186 4049 laice
1216 3981 1312 4064 ltlclle
1342 3983 1392 4052 ber

112 4088 292 4174 llebcnltte,
312 4090 381 4173 [toll
396 4089 483 4159 berec
498 4087 572 4175 utubt
593 4088 741 4176 lrgeubuo
762 4089 825 4157 etue
837 4086 1053 4157 tcorbtccttoc
1068 4087 1266 4171 seducatur
1281 4093 1388 4158 aliaest

201 4191 432 4263 Enuntiatum
451 4193 653 4284 primarium
677 4200 728 4259 est
750 4193 826 4258 loco
847 4191 1017 4257 enuntiati
1032 4190 1225 4259 secundarii
1239 4193 1389 4260 relativi:

297 4304 348 4388 10,
361 4325 408 4388 39:
644 4322 738 4366 meus
760 4298 885 4366 sodalis

433 4408 544 4476 Cinna
567 4414 620 4475 est
642 4406 759 4493 Gaius,
782 4405 812 4471 is
835 4404 901 4472 sibi
923 4403 1067 4493 paravit.

113 4515 225 4604 14,20;
249 4515 345 4602 56,⁶;
372 4517 484 4602 63‚90;
516 4515 649 4602 642²S⁶i
679 4514 814 4599 64,292;
844 4513 976 4599 64‚307;
1006 4513 1120 4599 65‚29:
1155 4512 1270 4601 Atque
1303 4513 1391 4586 illud
