3320 5012
667 17 866 96 2132.

120 191 251 285 Itaque
272 189 428 287 linguam
451 200 601 285 latinam,
625 222 702 267 cum
725 208 891 288 quatenus
914 200 1065 268 adhunc
1080 203 1235 271 ordinem
1257 213 1338 295 apta
1360 197 1405 272 sit

118 312 390 412 perscrutamur,
414 328 484 373 non
507 309 617 374 solum
638 308 676 373 in
698 307 817 373 formis
840 309 1073 395 grammaticis
1089 317 1124 376 et
1143 312 1277 398 legibus
1292 335 1405 399 gram-

119 413 260 480 maticis
283 421 386 501 atque
409 415 616 500 syntecticis,
639 413 699 480 sed
722 415 826 480 etiam
848 415 886 480 in
903 416 1120 504 periodorum
1136 418 1405 485 conformatione

119 519 196 584 illis
211 520 381 586 aetatibus
396 520 646 586 accuratissime
660 521 865 610 respondere
877 523 1120 608 cognoscimus.
1145 524 1404 609 Antiquissimis

121 625 218 692 enim
233 627 445 714 temporibus
460 627 609 693 Romani
631 627 681 692 ita
703 633 739 692 et
752 627 848 715 loqui
862 634 899 693 et
913 628 1060 695 scribere
1076 630 1238 716 solebant,
1262 638 1302 698 ut
1317 654 1405 718 quae

121 733 316 821 exprimere
331 735 462 800 vellent
476 733 638 803 brevibus
658 734 856 819 enuntiatis,
881 755 1024 820 quorum
1047 735 1141 802 aliud
1164 736 1323 805 adalind
1346 761 1404 828 ap-

1 897 2 900 ,
120 840 325 927 ponebatur,
341 840 503 908 dicerent.
525 844 753 928 Posteaquam
768 848 883 907 tamen
899 843 1078 928 cognitum
1101 851 1154 910 est
1175 866 1246 911 non
1262 844 1404 912 eandem

120 946 198 1012 vim
212 947 323 1016 inesse
339 948 496 1014 omnibus
513 947 710 1032 enuntiatis,
727 946 787 1012 sed
805 947 872 1014 hoc
886 949 944 1016 vel
958 949 1046 1015 illud
1062 951 1252 1035 cogitatum
1265 952 1403 1018 maioris

120 1076 198 1120 esse
220 1056 386 1121 momenti
409 1078 511 1143 quam
533 1055 610 1140 alia,
635 1054 845 1121 consuetudo
861 1053 998 1122 dicendi
1013 1056 1064 1122 ita
1079 1056 1259 1124 emendata
1281 1065 1341 1144 est,
1363 1065 1404 1125 ut

121 1158 168 1226 ad
192 1160 368 1248 cogitandi
390 1162 558 1229 rationem
580 1163 626 1230 sit
649 1160 898 1228 accomodatior
920 1162 985 1228 hoc
1008 1162 1146 1249 quidem
1168 1166 1279 1250 mode,
1304 1173 1344 1231 ut
1366 1165 1403 1231 id

73 1314 79 1320 ·
123 1269 350 1354 enuntiatum,
374 1269 465 1357 quod
493 1270 659 1337 inserviat
685 1269 745 1335 alii
767 1270 825 1337 vel
853 1268 1055 1358 explicando
1078 1271 1134 1337 vel
1160 1272 1402 1361 praeparando,

121 1374 205 1440 huic
228 1375 455 1464 subiungatur
477 1384 512 1442 et
534 1398 577 1443 ex
600 1397 639 1443 eo
655 1374 811 1465 pendeat.
834 1377 909 1442 Hae
932 1376 975 1442 de
990 1399 1027 1442 re
1042 1376 1236 1464 Lahmeyer
1251 1379 1306 1464 (de
1322 1400 1401 1467 apo-

122 1479 249 1566 dotico,
276 1483 335 1568 qui
361 1481 500 1569 dicitur,
529 1484 716 1572 particulae
747 1484 783 1548 δέ
808 1483 847 1549 111
876 1483 1082 1551 carminibus
1109 1485 1300 1551 Homericis
1327 1508 1401 1570 usu,

124 1587 265 1676 Lipsiae
288 1589 372 1655 1879
395 1613 473 1679 pag.
496 1590 554 1678 26)
583 1590 665 1676 egit,
693 1588 784 1679 apud
811 1612 912 1676 quem
939 1591 1099 1678 legimus:
1124 1591 1401 1680 ,pintiqmssimis

123 1694 336 1783 temporibus
364 1718 480 1763 omnes
508 1697 712 1782 sententiae,
743 1719 820 1762 oum
853 1697 952 1783 aequi
985 1697 1078 1764 inter
1105 1720 1141 1764 se
1167 1698 1251 1764 iuris
1277 1703 1401 1783 essent,

122 1801 302 1888 particulis
326 1803 531 1891 copulativis
554 1803 645 1870 inter
666 1825 702 1870 se
717 1804 1020 1890 coniungebantur.
1044 1804 1112 1871 Sed
1126 1805 1301 1894 paulatim,
1324 1827 1402 1870 eum

122 1906 178 1973 vis
205 1907 345 1976 alterius
373 1911 564 1976 sententiae
592 1911 811 1996 minueretur,
839 1910 969 1977 factum
997 1918 1058 1997 est,
1086 1917 1126 1978 ut
1153 1910 1402 1978 discerneretur

121 2013 216 2080 inter
238 2016 444 2082 sententiam
466 2018 663 2106 primariam
685 2025 721 2084 et
744 2017 986 2084 secundariam.
1010 2019 1104 2084 Haec
1118 2039 1210 2102 vero,
1233 2024 1274 2085 ut
1288 2017 1401 2082 minus

122 2120 271 2207 valebat,
287 2143 359 2189 non
373 2124 591 2212 paratactiois
606 2124 783 2213 particulis
798 2123 1060 2210 adiungebatur,
1076 2125 1136 2191 sed
1150 2125 1204 2190 illi
1219 2124 1400 2210 subiunge-

121 2227 252 2296 batur.“
263 2229 294 2319 l)
317 2230 451 2298 Deinde
466 2232 550 2298 haee
565 2255 619 2299 ars
635 2231 825 2298 orationem
840 2229 884 2298 ad
899 2230 1094 2298 dialectices
1113 2231 1207 2318 leges
1228 2229 1401 2318 dirigendi

121 2334 161 2400 in
183 2334 256 2402 dies
280 2338 452 2406 crescebat
474 2362 580 2426 aeque
602 2362 642 2406 ac
664 2339 799 2405 litterae
822 2345 858 2404 et
879 2345 969 2405 artes
984 2338 1154 2426 ingenuae
1169 2338 1260 2426 apud
1275 2337 1400 2403 Roma-

121 2462 185 2508 nos
199 2444 310 2530 magis
325 2446 503 2533 magisque
519 2445 771 2530 excolebantur,
795 2466 862 2530 quo
878 2443 1008 2510 factum
1024 2452 1086 2530 est,
1106 2451 1147 2510 ut
1161 2466 1282 2510 aureae
1298 2465 1400 2530 quam

14 2541 17 2546 ¹
122 2559 249 2619 vocant
271 2554 394 2621 aetatis
417 2554 599 2645 scriptores
614 2555 719 2621 etiam
733 2555 771 2620 in
787 2551 1024 2619 conformandi
1038 2551 1195 2641 periodos
1211 2558 1284 2617 arte
1299 2550 1399 2618 valde

123 2658 328 2726 excellerent
355 2667 390 2727 et
416 2662 570 2728 omnium
596 2661 734 2748 quidem
761 2661 921 2746 maxime,
948 2659 1040 2746 quod
1067 2659 1150 2725 satis
1178 2664 1325 2744 constat,
1352 2658 1398 2723 M.

122 2763 254 2832 Tullius
279 2766 407 2834 Cicero.
445 2767 532 2834 Inde
560 2769 602 2834 ab
631 2789 670 2835 eo
698 2775 851 2857 tempore
878 2765 1055 2833 redierunt
1077 2765 1121 2832 ad
1144 2764 1399 2853 simplicitatem

121 2871 301 2959 scribendi,
330 2873 422 2960 quod
448 2896 491 2941 ex
518 2881 700 2962 argenteae
726 2874 849 2942 aetatis
876 2873 1080 2962 scriptorum
1106 2870 1203 2938 libris
1224 2877 1265 2938 ut
1288 2871 1398 2937 Taciti

121 2978 365 3067 cognoscimus,
389 2982 449 3068 qui
471 2983 677 3070 elegantiam
700 2980 902 3048 elocutionis
926 2987 961 3046 et
975 2978 1135 3046 dictionis
1157 2976 1195 3042 in
1217 2998 1257 3042 eo
1279 2999 1398 3066 posue-

119 3091 211 3171 runt,
228 3087 321 3172 quod
335 3088 470 3154 reiectis
484 3086 634 3177 periodis
651 3086 831 3154 artificiose
844 3085 1040 3174 compositis
1052 3085 1241 3171 enuntiata,
1254 3106 1399 3172 quorum

119 3190 266 3258 alterum
293 3193 393 3260 alteri
418 3194 667 3262 subiiciendum
690 3199 773 3278 erat,
797 3192 937 3260 seorsim
964 3198 1132 3281 ponerent
1159 3199 1194 3258 et
1216 3213 1278 3258 sua
1300 3191 1397 3278 quid-

119 3319 185 3383 que
207 3299 245 3366 vi
267 3299 492 3386 acuerent.*⁴')

208 3405 265 3472 Sic
289 3407 394 3475 etiam
416 3409 507 3498 apud
530 3430 592 3475 nos
613 3407 792 3474 clarissimi
807 3406 860 3472 illi
874 3404 1057 3495 scriptores
1073 3405 1257 3494 superioris
1272 3403 1398 3471 saeculi

119 3516 158 3577 ut
174 3511 351 3599 Goethius,
375 3515 574 3601 Lessingius
597 3521 634 3580 et
653 3521 788 3603 praeter
803 3519 933 3579 ceteros
946 3511 1163 3579 Wielandius
1178 3533 1309 3578 summa
1323 3517 1397 3577 arte

120 3617 390 3705 elegantissimas
405 3621 561 3710 periodos
582 3619 892 3705 conformaverunt,
915 3619 1043 3686 nostris
1059 3625 1174 3685 autam
1188 3616 1397 3707 temporibus

119 3723 183 3791 hoo
205 3726 263 3792 vel
284 3728 482 3816 neglegitur
504 3728 560 3794 vel
583 3726 727 3794 consilio
751 3747 791 3792 ac
812 3726 946 3809 ratione
969 3725 1128 3794 evitatur.

189 3871 215 3942 *)
235 3870 275 3926 (11.
295 3871 383 3927 etiam
398 3872 432 3926 K.
446 3872 476 3926 F.
490 3871 677 3940 Hermaunua,
698 3870 732 3925 (10
751 3869 861 3940 protasi
880 3869 1065 3938 paratactica,
1084 3868 1141 3923 ind.
1161 3867 1249 3923 schol.
1269 3867 1395 3937 Gotting.

122 3956 191 4012 1850
210 3975 274 4029 pag.
294 3961 319 4015 1.
338 3991 373 4001 -
393 3959 517 4032 11001011,
530 3957 656 4029 11011110(
668 3971 717 4030 qur
734 3955 895 4026 hiboritam
908 3955 1016 4025 &oster
1035 3956 1079 4012 bet
1092 3954 1256 4025 lateiniidreu
1268 3955 1396 4026 &prode

121 4045 310 4119 wiltenburg,
330 4048 542 4120 damnarant.
564 4048 632 4102 1875
650 4063 714 4118 pag.
733 4047 765 4101 X.
786 4077 820 4086 -
840 4045 967 4114 ursega,
991 4043 1138 4114 11110τί1111
1157 4043 1267 4113 &octog
1293 4046 1338 4100 ber
1355 4043 1395 4098 le:

117 4137 249 4207 1111111111
267 4138 393 4209 &proila
411 4139 438 4193 Π
455 4154 519 4209 pag.
538 4137 599 4193 213.
612 4167 647 4176 -
659 4137 699 4193 W.
713 4136 912 4192 Weissenborn
925 4133 960 4188 de
972 4133 1131 4202 Fuistingii,
1151 4134 1399 4201 commentatione,

119 4227 152 4283 de
174 4231 281 4284 natura
305 4228 460 4284 accusativi
483 4244 548 4282 cum
571 4227 709 4282 infinitivo
734 4224 811 4296 apud
828 4223 945 4278 Latinos
969 4222 998 4275 in
1017 4220 1164 4291 30111111ίῇ
1181 4220 1227 4291 liis
1245 4223 1285 4278 bie
1304 4220 1393 4279 bilem

119 4315 375 4386 thumautilentdctt
395 4317 464 4371 1842
482 4333 546 4387 pag.
566 4317 625 4371 962.

187 4405 230 4475 **)
257 4405 297 4460 cf.
324 4405 473 4476 Philippus
499 4405 606 4477 Spitta,
633 4405 668 4461 de
694 4404 784 4462 Taciti
809 4405 839 4459 in
864 4400 1067 4472 componendis
1093 4401 1246 4457 enuntiatis
1272 4401 1392 4458 ratione.

119 4493 241 4566 Gotting.
262 4494 340 4565 1866,
360 4495 390 4551 P.
410 4495 424 4550 1
441 4511 505 4566 pag.
525 4494 550 4551 1.
