3320 5012
826 85 1026 160 „43-

289 287 397 355 prono
419 286 580 354 praeceps
602 266 718 352 agitur
746 263 921 350 decursu“,
950 265 1011 331 ubi
1039 264 1083 331 ad
1111 263 1199 331 illud
1227 265 1321 354 prius
1348 243 1575 334 enuntiatum
1636 335 1641 360 ⁵,

289 372 473 438 relativum
498 369 617 458 „Quod
639 372 782 436 miserae
804 372 1000 438 oblitae...
1020 372 1212 438 excutitur“
1237 374 1349 461 aptius
1372 372 1573 440 addendum
1635 377 1642 445 J

290 485 364 544 6166
387 478 532 544 61661616
554 479 771 545 enuntiatum
792 479 983 544 relativum.
1007 477 1113 566 Saepe
1136 478 1213 544 fieri
1234 480 1321 545 solet
1340 480 1379 545 16
1393 501 1577 568 compara
1641 457 1642 482 1

289 583 451 668 tionibus,
480 589 522 664 ut
549 606 612 672 pro
642 583 828 650 enuntiatis
858 583 1067 650 secundariis
1093 585 1239 673 scriptor
1261 585 1365 652 addat
1387 588 1577 654 enuntiata

289 690 461 779 primaria,
489 691 611 777 quibus
641 691 848 779 comparatio
878 692 922 756 ed
950 691 1055 756 finem
1083 692 1282 779 perducitur
1308 699 1349 758 ut
1378 694 1430 778 62,
1446 717 1576 779 42-443
1641 687 1642 706 ³

290 799 344 883 62,
358 822 475 884 53-553
499 800 553 883 64,
569 821 630 882 1083
654 799 706 883 64,
720 821 785 883 2733
809 799 862 883 65,
876 836 900 883 4.
924 797 1037 864 Simili
1051 797 1152 865 modo
1168 797 1221 882 69,
1235 821 1266 884 7:
1289 799 1393 866 Hunc
1407 807 1575 868 metuunt

290 908 426 971 omnes“
451 903 582 973 dietum
605 912 656 972 est
677 927 739 994 pro
765 927 886 993 „quem
908 925 1026 972 omnes
1048 910 1233 972 metuuut“.
1259 906 1336 972 Hoc
1356 929 1420 972 usu
1441 929 1575 995 prono-

290 1012 421 1078 minum
443 1011 791 1080 demonstretivorum
812 1034 875 1100 pro
897 1012 1052 1079 relativis
1074 1012 1252 1100 permultis
1274 1012 1574 1081 16166161666661

290 1126 350 1203 666,
372 1126 412 1184 66
434 1141 520 1206 quae
542 1119 581 1185 16
602 1141 705 1186 66616
727 1120 905 1208 periodum
928 1117 1167 1206 coniungenda
1189 1125 1287 1185 61666
1310 1117 1476 1186 dissecata
1497 1122 1574 1187 sint
1642 1155 1643 1162 .

288 1225 327 1290 16
347 1225 462 1313 plures
483 1223 650 1313 periodos.

377 1333 444 1397 Pro
471 1333 651 1421 temporali
678 1353 813 1419 quoque
839 1332 1018 1397 666661666
1045 1332 1244 1400 secundario
1267 1332 1437 1421 reperitur
1458 1354 1574 1400 6666-
1643 1325 1644 1392 l

288 1438 413 1505 tiatum
434 1439 642 1528 primarium,
666 1461 705 1504 ac
728 1439 922 1527 saepissime
945 1439 1083 1525 quidem
1105 1445 1239 1526 tempus
1262 1437 1434 1505 indicatur
1459 1441 1571 1526 pcrti-

289 1546 366 1611 cula
395 1546 543 1630 ,‚simul“,
574 1567 641 1632 qua
668 1545 847 1611 enuntiata
875 1546 1074 1633 plerumque
1101 1568 1173 1612 non
1202 1539 1467 1633 subiungunturq
1508 1549 1568 1614 sed

289 1651 488 1718 coordinata
510 1649 691 1735 adduntur,
711 1649 802 1738 quod
815 1651 1008 1738 Draegerus
1025 1652 1083 1738 (Π,
1099 1653 1177 1735 600)
1193 1652 1383 1718 accuratius
1399 1655 1566 1742 exposuit
1644 1638 1645 1690 l

289 1757 367 1825 Huc
396 1759 572 1848 pertinent
602 1758 639 1824 hi
668 1758 748 1826 1⁰⁰5:
778 1759 872 1844 21151
900 1760 1013 1843 631131
1041 1759 1156 1843 631191
1180 1760 1292 1844 631271
1316 1759 1427 1844 631311
1451 1761 1562 1845 631451

289 1865 343 1950 64,
358 1889 403 1950 313
427 1865 480 1950 99,
491 1899 516 1950 7·
554 1865 627 1931 Hos
653 1866 746 1932 locos
773 1866 832 1952 qui
853 1866 1066 1954 perspicuam
1089 1865 1380 1932 coordinationem
1403 1865 1569 1932 exhibent

289 1973 445 2038 attulisse
472 1969 609 2055 sufficit,
637 1970 698 2037 sed
719 1993 791 2037 666
812 1972 913 2060 pauci
935 1971 995 2036 6111
1016 1978 1106 2056 sunt,
1130 1971 1168 2037 in
1191 1973 1313 2059 quibus
1335 1971 1442 2038 simili
1463 1971 1570 2040 modo

289 2087 451 2168 usurpata
473 2086 526 2145 est
540 2077 601 2144 illa
614 2077 791 2166 1161616616.
814 2079 893 2144 Non
908 2077 1017 2143 solum
1032 2084 1149 2144 661666
1163 2078 1264 2146 huius
1279 2076 1373 2145 modi
1387 2079 1573 2146 enuntiata

288 2207 352 2275 pro
375 2186 563 2252 enuntiatis
585 2185 793 2251 secundariis
815 2192 950 2274 tempus
972 2183 1202 2252 indicantibus
1225 2192 1371 2271 exstant,
1387 2183 1572 2252 sedetiam
1645 2191 1646 2194 ’

289 2292 357 2360 alia
378 2300 419 2359 66

451 2398 544 2484 16,1;
568 2397 778 2465 Commendo
801 2397 866 2464 tibi
888 2418 944 2462 166
966 2417 1005 2462 ec
1027 2418 1119 2462 meos
1142 2419 1282 2482 amores,

567 2505 696 2572 Aureli.
717 2505 855 2573 veniam
877 2510 956 2593 peto
979 2502 1211 2593 pudentem*).

188 2701 190 2706 Ι
289 2613 385 2698 61,6;
408 2613 539 2697 61,661;
562 2614 678 2698 62,13;
702 2613 795 2696 72,ss
820 2612 913 2696 72,5;
938 2610 1033 2694 74,1;
1058 2611 1225 2694 106,1-6.

377 2719 566 2786 Enuntiate
593 2717 799 2803 secundaria,
827 2741 914 2805 quae
942 2717 1129 2801 consilium,
1151 2725 1292 2805 propter
1316 2715 1405 2804 quod
1427 2717 1571 2802 aliquod

288 2825 330 2892 fit
353 2833 452 2912 (quae
467 2847 529 2892 uos
548 2847 670 2891 vocare
691 2827 835 2892 solemus
853 2824 1069 2913 ,6166116666
1093 2823 1279 2888 6666616616
1301 2821 1469 2912 primariis
1492 2825 1571 2890 evi-

289 2939 362 3000 6666
383 2931 546 2999 videntur
568 2932 623 2998 his
645 2931 742 2998 locis:

396 3042 428 3126 2,
442 3061 543 3124 9-10:
567 3039 696 3105 Tecum
717 3037 835 3105 ludere
857 3037 947 3104 sicut
968 3037 1043 3124 ipsa
1064 3057 1200 3125 possem

568 3145 616 3214 Et
638 3145 748 3212 tristis
769 3145 877 3210 animi
898 3145 1013 3212 levare
1036 3145 1145 3210 curas!
1465 3175 1469 3182 ·

290 3253 417 3339 5‚1—-3;
439 3253 532 3336 8,11;
558 3253 610 3337 14,
627 3274 670 3336 18;
693 3254 805 3337 50,193
828 3252 941 3337 61,97;
965 3252 1019 3336 61,
1035 3273 1097 3336 1093
1120 3251 1253 3334 61‚120;
1277 3251 1330 3334 61,
1347 3271 1412 3334 181;
1436 3252 1569 3337 61‚198;

290 3360 422 3444 61,211;
447 3358 579 3444 64‚195;
603 3359 711 3444 68145·

379 3467 538 3532 Fortasse
568 3466 649 3532 11666
677 3465 745 3531 1166
773 3464 900 3531 1616116
930 3463 1034 3531 etiam
1064 3485 1120 3530 eos
1149 3462 1252 3548 locos,
1274 3462 1334 3531 ubi
1363 3463 1570 3550 imperativo

290 3570 428 3640 additur
451 3576 555 3658 „age“
578 3573 635 3639 vel
659 3573 800 3659 ‚‚agite“‚
828 3578 868 3637 ut
896 3573 1009 3656 61,16;
1037 3571 1090 3654 61,
1105 3590 1150 3654 36;
1174 3570 1288 3656 63,12;
1311 3571 1364 3653 63,
1377 3589 1426 3656 783
1451 3571 1571 3654 63,81;

290 3681 345 3766 64,
359 3701 423 3765 372;
447 3678 500 3763 67,
514 3711 540 3764 7,
564 3679 633 3743 nisi
655 3679 744 3744 forte
765 3684 918 3768 praestet
938 3677 999 3743 hes
1021 3698 1130 3760 voces,
1154 3675 1234 3762 quie
1258 3675 1463 3764 „simplicem
1478 3677 1572 3740 exci-

290 3784 389 3852 tandi
410 3787 467 3853 vel
489 3782 693 3852 adhortandi
716 3785 773 3853 vel
796 3783 1005 3852 concedendi
1031 3783 1087 3848 vel
1113 3783 1319 3871 corripiendi
1346 3781 1571 3868 significatio-

291 3913 370 3958 nem
403 3891 585 3959 exhibent“
620 3891 748 3980 (Hand,
773 3891 918 3976 Turul,
942 3891 1007 3958 206
1031 3911 1101 3974 sqq.
1125 3929 1167 3940 -
1190 3889 1351 3975 Draeger,
1379 3889 1498 3972 1325)
1534 3897 1573 3956 66

290 4019 406 4064 661616
441 3997 585 4064 verbalis
619 4003 743 4064 666616
775 4019 911 4087 prorsus
945 3995 1145 4083 negligitur,
1183 3994 1462 4063 interiectionum
1493 3994 1572 4060 loco

291 4103 425 4172 habere.

382 4210 585 4278 Gonoessiva
608 4233 695 4298 quae
717 4210 843 4278 dicitur
865 4209 919 4278 vis
941 4209 1032 4276 inest
1054 4207 1241 4275 enuntiatis
1264 4205 1435 4295 primariis
1457 4205 1549 4273 his:v

473 4317 503 4400 6,
516 4340 545 4402 4:
569 4317 662 4384 Soles
685 4319 839 4384 occidere
862 4325 897 4382 et
919 4317 1030 4383 redire
1052 4321 1203 4404 possunt

364 4461 389 4530 *)
416 4461 476 4514 Hoc
502 4461 565 4514 loco
590 4475 646 4513 non
673 4464 785 4530 tempus
811 4460 911 4528 solum,
937 4459 988 4513 sed
1011 4472 1098 4512 causa
1117 4473 1229 4523 quoque
1248 4456 1401 4523 exponitur
1419 4454 1571 4510 enuntiato

293 4544 1406 4620 11116666661666666162,1-6;62,4-ς;62,18;72,1;72,5;74,1.
1459 4613 1461 4618 Ι
1521 4617 1524 4624 ‚
