3320 5012
309 855 313 862 ·
341 819 405 886 His
428 818 584 886 omnibus
608 840 695 904 quae
718 819 761 886 de
783 819 826 886 iis
848 818 1005 906 periodis,
1036 839 1122 904 quae
1145 839 1252 886 unum
1274 822 1410 890 tontum
1433 818 1534 889 exhi·

251 925 336 992 beat
359 925 574 992 enuntiatum
596 925 807 1014 primarium,
830 925 929 992 nobis
951 930 1051 992 erant
1074 921 1218 994 dicenda
1234 925 1395 1012 expositis
1410 923 1454 992 ad
1470 948 1534 1014 pe-

225 1064 228 1069 <
252 1029 364 1098 riodos
388 1031 591 1120 compositas
615 1038 668 1117 (ut
689 1033 740 1099 ita
762 1032 887 1119 dicam)
915 1039 1126 1104 umeamus
1148 1031 1181 1098 la
1204 1053 1231 1096 e.
1254 1053 1318 1113 aas,
1342 1031 1532 1118 inquibus

253 1140 427 1226 complura
450 1139 629 1209 enuntiata
650 1141 812 1228 primaria
834 1141 925 1208 inter
948 1161 983 1206 se
1007 1139 1218 1227 copulantur,
1246 1137 1291 1206 ad
1313 1159 1399 1225 quae
1420 1159 1533 1212 unum

251 1246 309 1312 vel
335 1247 510 1334 complura
537 1247 717 1314 enuntiata
744 1245 943 1314 secundaria
972 1247 1154 1313 adduntur.
1207 1244 1259 1311 Ac
1281 1246 1430 1334 primum
1453 1246 1529 1332 qui-

253 1351 328 1417 dem
360 1374 416 1418 eas
446 1351 695 1419 consideremus
725 1350 892 1442 periodos,
923 1355 960 1419 in
990 1354 1112 1440 quibus
1141 1351 1328 1418 enuntiatis
1354 1352 1530 1441 primariis

252 1457 487 1545 adiunguntur
515 1460 693 1527 enuntiata
720 1457 919 1528 maundaria
946 1459 1049 1548 primi
1076 1466 1210 1529 tantum
1238 1455 1377 1544 ordinis,
1403 1457 1529 1530 deinde

252 1567 350 1632 nobis
372 1564 660 1654 progrediendum
681 1568 747 1632 erit
766 1567 810 1633 ad
829 1589 895 1653 eas,
916 1588 1004 1653 quae
1017 1567 1195 1635 enuntiata
1209 1561 1409 1630 secundaria
1423 1564 1530 1630 etiam

253 1673 393 1739 secundi
421 1670 553 1739 ordinis
580 1672 752 1758 exhibent,
781 1681 856 1740 tum
884 1674 1106 1745 tractabimus
1128 1693 1186 1738 eos
1209 1671 1310 1755 locos,
1337 1671 1397 1736 ubi
1420 1693 1530 1738 enun-

253 1781 341 1846 tiata
368 1780 567 1845 secundaria
589 1780 685 1846 tertii
713 1779 843 1846 ordinis
870 1788 1018 1864 exstant;
1046 1786 1218 1869 postremo
1240 1773 1428 1844 videndum
1449 1778 1529 1862 erit,

252 1887 311 1954 ubi
334 1886 513 1954 enuntiata
536 1884 735 1955 secundaria
758 1888 872 1974 quarti
895 1887 1026 1956 ordinis
1040 1887 1262 1977 reperiantur.
1298 1884 1420 1972 Quinti
1434 1884 1531 1951 enim

254 1993 382 2060 ordinis
414 1992 593 2060 enuntiata
622 1994 821 2060 secundaria
849 1995 886 2061 in
912 1994 966 2060 his
988 1991 1142 2082 'periodis
1170 1990 1365 2080 compositis
1391 1997 1530 2067 exstem

253 2100 343 2189 apud
369 2099 543 2166 Catullum
565 2099 667 2166 nulia

343 2206 471 2274 Earum
499 2204 608 2292 igitur
634 2203 861 2293 periodorum,
894 2229 980 2293 quae
1009 2229 1051 2272 ex
1082 2204 1268 2290 enuntiatis
1293 2203 1465 2292 primariis
1493 2210 1532 2270 et

257 2311 465 2379 secundariis
495 2310 598 2399 primi
628 2310 758 2377 ordinis
789 2318 955 2398 constant,
985 2313 1254 2402 simplicissimae
1283 2316 1364 2379 sunt
1391 2331 1459 2393 eae,
1489 2310 1531 2376 in

255 2418 377 2504 quibus
405 2416 472 2484 duo
501 2419 680 2486 enuntiata
706 2420 867 2507 primaria
893 2443 970 2486 oum
996 2442 1065 2487 uno
1093 2409 1292 2491 secundario
1315 2417 1531 2507 copulantur.

254 2525 331 2590 Hoc
354 2527 570 2593 enuntiatum
592 2527 829 2593 secundarium
852 2535 911 2595 aut
934 2528 1151 2615 subsequitur
1177 2533 1238 2592 aut
1259 2523 1446 2591 includitur
1468 2532 1531 2592 aut

254 2631 435 2715 antecedit,
464 2640 504 2698 ut
531 2653 593 2698 sex·
618 2633 748 2700 formae
770 2634 860 2703 inter
884 2657 919 2700 se
942 2632 1097 2702 diversae
1119 2633 1212 2703 effici
1233 2632 1376 2722 possint,
1404 2630 1460 2697 uel
1481 2630 1530 2697 ad

251 2738 344 2826 prius
367 2738 424 2804 vel
452 2737 496 2804 ad
523 2739 668 2815 alterum
690 2740 908 2808 enuntiatum
930 2740 1130 2829 primarium
1152 2738 1313 2806 adiuncto
1336 2739 1397 2806 illo
1421 2759 1530 2810 suun-

251 2845 337 2913 tiato
362 2843 576 2932 ¹secundario.
621 2846 689 2912 Hio
716 2854 857 2932 quaerat
885 2847 1061 2935 quispiam,
1092 2868 1176 2912 num
1202 2842 1396 2915 includatur
1420 2866 1530 2913 enun-
1651 2905 1652 2910 ,

251 2952 376 3017 tiatum
397 2953 597 3040 primarium
619 2952 676 3017 vel
698 2952 764 3018 hoc
786 2954 843 3020 vel
862 2952 950 3018 illud
965 2953 1136 3018 enuntiati
1151 2950 1343 3018 secundarii
1358 2950 1530 3040 partibus?

251 3059 311 3124 sed
339 3059 439 3144 huius
467 3059 561 3144 modi
591 3059 747 3148 exempla
774 3058 865 3148 apud
888 3059 1061 3129 Catullum
1083 3080 1154 3126 non
1176 3058 1370 3152 ipuenimus
1393 3065 1531 3152 practer

252 3187 359 3231 unum
382 3166 472 3251 quod
495 3166 562 3231 huo
585 3166 651 3231 erit
673 3165 899 3234 referendum.

339 3271 413 3341 Iam
440 3270 616 3339 videamus
645 3295 700 3338 eas
728 3272 897 3362 periodos,
926 3296 1012 3360 quae
1038 3275 1088 3340 sio
1116 3263 1197 3338 sunt
1220 3271 1460 3354 conformatae,
1488 3277 1530 3337 ut

250 3385 328 3465 post
350 3378 566 3444 enuntiatum
588 3380 789 3467 primarium
811 3383 905 3468 prius
928 3380 1153 3465 subsequatur
1173 3377 1390 3444 enuntiatum
1409 3399 1529 3443 secun-

251 3483 394 3568 darium,
419 3485 635 3554 amntiatum
657 3487 857 3573 primarium
880 3486 1026 3552 alterum
1049 3491 1163 3549 autem
1184 3479 1361 3572 periodum
1377 3483 1477 3548 finiet
1491 3491 1529 3548 et

252 3589 431 3656 concludat
456 3590 521 3656 hoc
547 3591 719 3658 schemate
741 3590 792 3676 A;
820 3592 851 3656 B
874 3589 1144 3678 significandum.
1195 3591 1290 3656 Haec
1317 3599 1398 3682 sunt
1425 3589 1528 3658 huius

251 3696 386 3782 generis
409 3699 578 3785 exempla:
748 3687 781 3764 a*

296 3805 463 3888 3,13-15:
485 3803 534 3869 At
556 3805 654 3872 vobis
677 3806 765 3871 male
788 3805 844 3890 sit,
867 3805 976 3870 malae
998 3805 1158 3870 tenebrae

485 3910 576 3995 Orci,
600 3933 686 3998 quae
709 3911 824 3977 omnia
845 3912 936 3978 bella
958 3911 1142 3995 devoratis,

486 4015 571 4082 'Pam
594 4017 722 4083 bellum
744 4017 830 4083 mihi
851 4039 1022 4105 passerem
1044 4016 1241 4083 abstulistis.

250 4123 282 4206 4,
300 4145 403 4204 o-123
425 4123 480 4206 41,
497 4144 583 4208 7-83
607 4124 661 4206 63,
680 4147 800 4208 31-343
824 4125 877 4208 63,
895 4147 947 4208 733
971 4123 1024 4207 64,
1042 4156 1193 4207 207-211.

339 4227 470 4293 Eodem
497 4229 597 4295 modo
626 4228 763 4295 additur
791 4231 1008 4297 enuntiatum
1034 4228 1270 4295 secundarium
1299 4228 1342 4294 ad
1370 4231 1524 4295 enuntia-

250 4344 325 4400 tum
347 4335 546 4424 primarium
568 4336 723 4419 alterum,
748 4345 828 4402 ante
850 4336 933 4402 haec
956 4343 1071 4401 autem
1091 4336 1307 4401 enuntiatum
1325 4337 1523 4424 primarium

250 4441 344 4520 prius
366 4442 479 4507 locum
501 4461 600 4506 suum
622 4449 725 4526 tenet,
755 4440 846 4528 quod
869 4443 933 4510 hoc
956 4442 1128 4522 schemate
1150 4442 1200 4527 A,
1222 4442 1258 4544 i}
1277 4443 1522 4530 significamus:

1226 4571 1248 4616 a
