3320 5012
816 78 1013 146 „5-

276 277 361 326 1666
382 252 547 340 περίοδος,
573 275 674 341 quam
696 251 920 320 Aristotelem
942 253 1069 340 optime
1095 252 1280 341 explicasse
1306 253 1566 321 demonstravi-

277 383 361 430 mus.
384 358 550 428 Periodus
571 360 681 446 igitur
703 382 745 425 ex
759 360 991 426 Romanorum
1011 379 1145 446 quoque
1168 361 1339 426 sententia
1361 360 1440 426 telis
1463 382 1565 426 6616-

276 468 426 560 plnrium
445 467 701 534 enuntiatorum
716 467 882 532 connexio
899 472 960 548 est,
977 487 1063 552 quae
1078 471 1159 554 apta
1173 466 1292 552 forma,
1309 467 1564 552 concinnitate,

272 574 522 664 'compositione
544 595 763 641 numerosum
785 572 913 639 efficiat
936 573 1060 638 orbem.

366 679 465 759 Quod
480 681 510 747 61
524 687 680 748 16661666
694 680 754 746 vix
768 666 994 768 probabimus,
1009 677 1100 764 quod
1115 700 1136 744 a
1151 685 1347 745 nostrorum
1361 673 1565 767 temporum

275 788 472 855 hominibus
494 788 605 855 doctis
627 787 691 852 hac
713 786 811 854 brevi
835 795 869 852 et
891 786 1038 874 simplici
1060 786 1288 873 explicatione
1306 787 1464 872 neglecta
1479 808 1563 874 per-

275 896 403 962 multae
432 895 526 981 leges
556 900 638 960 sunt
667 892 881 976 constitutae,
912 914 995 979 quas
1023 899 1180 958 veterum
1207 893 1412 981 scriptorum
1438 893 1563 959 nullus

276 1001 599 1069 commemoraverit
634 1000 770 1066 Primus
793 1019 920 1083 eorum,
944 999 1004 1085 qni
1026 999 1099 1067 vim
1121 1021 1160 1064 ac
1182 1000 1358 1066 notionem
1379 1001 1474 1068 vocis
1497 1023 1563 1088 pe-

275 1109 365 1177 riodi
387 1115 545 1174 excutere
567 1114 603 1174 et
625 1107 803 1196 perspicua
825 1105 1025 1173 definitione
1048 1107 1322 1173 circumscribere
1338 1104 1562 1192 studuerunt,

276 1215 468 1282 Schellsrus
491 1215 572 1300 fuit,
594 1215 778 1282 nonnullos
801 1215 893 1280 enim
915 1214 1010 1298 alios,
1038 1234 1181 1300 quorum
1203 1214 1318 1298 libros,
1342 1214 1422 1300 quia
1444 1237 1563 1300 neque

277 1323 316 1387 in
331 1322 546 1388 bibliothecis
561 1321 697 1410 repperi
712 1343 823 1408 neque
838 1321 905 1386 alio
923 1342 989 1407 quo
1012 1318 1115 1386 modo
1138 1321 1311 1406 acquirere
1334 1321 1442 1409 potui,
1457 1343 1561 1409 prae·
1588 1322 1597 1329 ’

275 1429 465 1494 1666111616
488 1450 602 1516 cogor,
626 1434 666 1494 61
688 1429 819 1516 Zippel,
849 1427 1082 1515 periodologia
1104 1428 1177 1494 sive
1200 1427 1356 1493 doctrina
1378 1428 1420 1493 de
1443 1427 1558 1516 perio-

275 1534 396 1602 dorum
426 1542 607 1618 structura‚
638 1535 888 1619 11611611714,
918 1534 1043 1619 Sturm,
1074 1533 1117 1600 de
1145 1531 1293 1621 periodis
1322 1534 1419 1618 liber,
1444 1534 1558 1600 Jenae

277 1638 1035 1730 1727,761161,1)6116(1616116,1611661744,
1059 1681 1101 1689 —
1124 1639 1317 1706 Schellerus
1339 1641 1377 1706 in
1399 1641 1487 1706 libro
1510 1642 1558 1706 de

277 1747 487 1836 „praeceptis
510 1749 593 1834 styli
615 1749 702 1815 bene
724 1748 844 1815 latini“
869 1748 1066 1836 1111161795
1090 1744 1140 1813 ed.
1155 1746 1211 1811 ΙΠ
1232 1769 1309 1835 pag.
1327 1747 1390 1812 149
1406 1770 1452 1833 sq.
1468 1747 1558 1814 haec

274 1853 392 1920 habet:
420 1853 604 1942 ,Periodus
628 1853 754 1920 dicitur
776 1876 815 1920 ac
837 1854 907 1920 dici
929 1852 1040 1937 debet,
1057 1850 1192 1941 quando
1216 1853 1407 1920 enuntiatio
1430 1853 1565 1940 aliqua,

275 1982 362 2046 quae
384 1959 450 2026 hoc
471 1966 629 2050 respectu
651 1961 814 2049 primaria
836 1958 905 2025 dici
927 1961 1044 2049 possit,
1060 1981 1122 2048 per
1141 1959 1357 2025 interiectam
1371 1959 1473 2024 aliam
1489 1960 1556 2044 (in-

274 2065 410 2134 terdum
435 2068 564 2156 plures)
691 2065 877 2134 dissecatur
1000 2067 1166 2133 Periodus
1291 2067 1427 2155 proprie
1453 2072 1557 2132 66161

274 2175 470 2258 6116611661
493 2175 582 2261 (1616,
605 2175 666 2261 qui
687 2175 852 2241 vocabula
875 2174 1121 2240 enuntiationis
1143 2174 1321 2263 perillam
1343 2173 1554 2239 interiectio·

274 2302 354 2347 nem
377 2279 521 2347 disiecta
543 2281 704 2368 colligere
726 2282 812 2364 vult,
836 2302 906 2347 non
929 2287 1023 2347 recta
1037 2281 1198 2369 progredi
1212 2285 1335 2369 potest,
1352 2278 1411 2346 sed
1426 2281 1555 2347 circum

274 2387 369 2453 illam
391 2387 608 2453 interiectam
629 2388 900 2454 enuntiationem
923 2387 974 2452 116
996 2388 1163 2474 cogiturl.
1186 2386 1236 2453 At
1258 2388 1348 2452 mala
1371 2392 1405 2452 61
1427 2387 1555 2455 vitiosa

273 2495 356 2560 11666
370 2492 503 2583 periodi
517 2494 756 2583 interpretatio
771 2493 870 2560 nobis
886 2515 958 2559 esse
972 2492 1109 2560 videtur
1125 2500 1160 2558 et
1174 2492 1275 2559 valde
1291 2515 1419 2559 errasse
1430 2493 1549 2559 Schel-

274 2601 383 2666 lsrum
411 2623 593 2685 censemus,
619 2623 699 2666 nam
727 2606 860 2668 1616166
886 2600 952 2688 ipsi
975 2600 1057 2666 66116
1080 2599 1229 2666 dilucide
1252 2599 1441 2666 docuerunt
1464 2600 1554 2666 hanc

274 2728 393 2774 vocem
416 2707 464 2772 sic
486 2728 557 2772 non
581 2729 652 2772 esse
674 2703 948 2792 intelligendam
971 2719 1139 2793 nusquam
1162 2706 1256 2772 enim
1277 2707 1423 2794 legimus
1440 2708 1554 2795 legem

275 2836 342 2900 qua
363 2814 602 2902 praecipiatur,
625 2819 665 2878 61
688 2813 731 2878 ad
753 2810 932 2901 periodum
955 2811 1170 2879 efficiendam
1193 2813 1292 2879 alteri
1311 2815 1488 2880 enuntiato
1504 2815 1553 2880 al-

273 2927 386 2988 terum
413 2919 591 3004 inseratur,
620 2916 710 3007 quod
737 2919 811 2984 6166
839 2917 942 2985 dubio
967 2919 1028 3004 illi,
1057 2942 1141 3006 (1666
1164 2941 1265 3008 supra
1288 2920 1551 3006 nominavimus,

274 3028 387 3095 verbis
409 3027 597 3116 perspicuis
619 3025 792 3110 dixissent,
815 3026 845 3092 si
867 3026 932 3092 hoc
955 3027 1055 3094 modo
1079 3026 1167 3093 hanc
1189 3049 1308 3094 166616
1327 3027 1478 3114 intelligi
1491 3048 1552 3093 vo-

274 3133 427 3201 luissent.
449 3134 565 3200 Nimia
587 3133 665 3218 fuit,
688 3139 729 3198 ut
751 3132 850 3199 nobis
873 3133 1011 3219 quidem
1033 3133 1180 3218 videtur,
1203 3133 1288 3199 haec
1303 3133 1468 3199 Schelleri
1482 3155 1551 3198 mo-

274 3240 396 3306 1611166
418 3241 457 3305 16
480 3238 659 3306 enodanda
674 3245 709 3304 61
724 3239 933 3306 enucleanda
948 3239 1049 3306 huius
1065 3240 1158 3307 vocis
1175 3239 1434 3326 significatione,
1450 3262 1552 3327 quarn

275 3345 465 3413 accuratius
489 3352 524 3412 et
546 3345 704 3412 subtilius
728 3345 866 3412 Graecis
889 3346 973 3434 ipsis
996 3347 1165 3434 explicare
1187 3349 1308 3433 voluit,
1336 3371 1375 3414 ao
1397 3348 1551 3415 videmus

274 3474 410 3519 necesse
426 3475 584 3519 66661661
600 3453 718 3541 ipsam,
734 3476 805 3520 non
824 3454 968 3521 verbum
988 3455 1098 3521 solum
1121 3455 1216 3542 sequi
1239 3477 1349 3540 neque
1373 3455 1552 3542 quicquam

275 3558 406 3644 confici,
437 3560 467 3625 61
496 3559 602 3628 verba
633 3562 705 3627 6616
735 3559 943 3627 attendimus
974 3566 1009 3626 et
1032 3583 1246 3649 aucupamur.
1278 3561 1362 3640 Quis
1386 3561 1478 3626 enirn
1500 3567 1551 3627 est

275 3666 360 3753 quin
387 3665 472 3732 sciat
500 3686 599 3754 saepe
622 3667 777 3755 ineptum
800 3689 872 3733 esse
894 3688 1006 3751 voces,
1030 3689 1116 3752 quae
1139 3665 1230 3756 apud
1252 3668 1492 3754 grammaticos
1513 3668 1550 3733 in

274 3793 339 3839 usu
360 3773 416 3839 161
440 3772 580 3838 filerunt
602 3775 659 3840 161
682 3782 772 3859 sunt,
796 3775 861 3840 hoc
884 3771 985 3840 modo
1009 3773 1166 3840 definiri?
1199 3774 1373 3840 Permulta
1396 3775 1434 3838 in
1456 3773 1550 3839 libris

275 3879 508 3966 grammaticis
523 3902 630 3967 usque
645 3881 688 3946 ad
704 3881 768 3946 hoc
784 3888 918 3971 tempus
933 3886 1169 3946 remanserunt
1183 3880 1324 3946 nomina
1339 3887 1374 3947 et
1390 3878 1549 3946 diuturno

274 4007 339 4051 usu
362 3985 458 4070 quasi
480 3993 694 4052 sacrosancta
716 3993 807 4071 sunt,
831 4005 1035 4073 quamquam
1057 3983 1101 4051 ad
1128 3993 1284 4053 accurate
1311 3984 1549 4072 significandas

274 4114 331 4158 eas
361 4113 424 4175 res,
455 4114 541 4178 quae
570 4093 624 4158 his
653 4093 847 4160 nominibus
879 4093 1103 4182 appellantur,
1125 4115 1195 4159 non
1219 4093 1300 4158 66116
1323 4092 1548 4180 6661611161).

274 4198 384 4264 Valde
405 4198 516 4285 igitur
538 4199 666 4265 erravit
689 4198 880 4266 Schellerus
903 4221 980 4265 cum
1003 4199 1161 4266 omnibus
1183 4199 1236 4283 iis,
1252 4200 1312 4286 (161
1326 4198 1493 4287 putabant
1507 4200 1549 4266 ad

273 4303 408 4395 periodi
427 4305 500 4373 vim
520 4312 555 4372 et
569 4306 747 4373 notionem
761 4307 898 4394 penitus
914 4303 1184 4392 cognoscendam
1198 4305 1358 4402 sufficere,
1369 4305 1549 4372 nonnullas

346 4449 373 4519 ¹³)
399 4448 439 4503 cf.
466 4449 589 4504 loannes
609 4447 733 4517 Classen,
760 4449 794 4503 de
818 4449 1021 4518 grammaticae
1040 4447 1164 4502 Graecae
1187 4448 1352 4517 primordiis
1371 4447 1449 4517 1829,
1468 4463 1546 4518 pagg.

274 4534 318 4607 45,
337 4534 381 4606 18,
399 4536 434 4591 69
453 4536 489 4592 al.
