3320 5012
646 69 845 138 ..41-

200 244 296 321 Quae
324 242 355 308 si
385 263 463 309 cum
490 242 617 310 Catulli
647 242 766 308 formis
798 264 1039 332 comparamus,
1071 243 1182 310 elucet
1214 241 1387 308 Catullum

86 350 274 416 maiorem
290 348 422 437 copiam
437 346 654 436 periodorum
670 349 896 436 composuisse
909 371 1010 434 quam
1022 349 1204 416 Tibullum.
1228 348 1388 413 Carmina

88 465 138 522 et
167 456 297 523 Catulli
324 462 359 521 et
382 456 512 522 Tibulli
537 478 607 522 non
635 457 782 522 multum
804 455 896 522 inter
918 479 954 521 se
977 458 1118 541 distant,
1147 458 1177 522 si
1198 457 1289 522 solus
1312 477 1387 520 ver-

89 585 210 630 suum
229 584 390 628 numerus
413 562 605 650 respicitur,
626 561 697 627 fere
714 559 781 628 duo
797 562 892 628 milia
907 569 1051 650 uterque
1067 563 1204 629 exhibet
1219 584 1387 630 versuum.

90 670 266 739 Catullus
293 676 417 754 autem,
447 669 506 755 qui
533 670 647 758 plures
676 669 780 738 habet
807 691 925 736 versus
953 691 1055 756 quam
1079 669 1243 753 Tibullus,
1271 675 1387 734 tamen

89 799 181 844 non
208 781 261 842 tot
288 775 392 853 habet
418 777 674 858 enuntiatorum
705 774 817 842 orbes·
831 782 914 862 quot
941 775 1106 858 Tibullus,
1139 776 1266 841 Catulli
1297 775 1388 840 enim

90 891 191 950 sunt
206 883 304 948 'circa
326 881 547 969 septingenti,
572 882 700 949 Tibulli
722 881 794 947 fere
817 883 1029 970 septingenti
1052 883 1311 969 quinquaginta.
1345 881 1388 946 ln

91 989 160 1056 his
178 994 268 1054 sunt
290 987 367 1072 loci,
390 988 450 1054 ubi
473 989 546 1056 sola
569 989 747 1054 enuntiata
769 990 931 1077 primaria
953 989 1058 1056 nullis
1073 987 1281 1056 secundariis
1297 988 1388 1058 adie-

93 1097 173 1162 ctis
197 1103 342 1180 exstant,
370 1093 461 1183 apud
485 1095 660 1167 Tibullum
691 1095 763 1162 fere
786 1098 932 1164 trecenti
956 1097 1184 1185 septuaginta,
1212 1096 1303 1184 apud
1326 1096 1388 1162 Ca·

93 1204 235 1270 tullum
263 1209 399 1268 tantum
426 1201 565 1268 ducenti
593 1203 778 1288 octoginta.
824 1204 963 1270 Periodi
990 1209 1105 1272 autam
1134 1210 1270 1271 exstant
1298 1201 1389 1290 apud

95 1310 286 1378 Catullum
308 1309 444 1374 circiter
466 1308 724 1395 quadragintae,
748 1308 838 1396 apud
862 1309 1037 1376 Tibullum
1060 1310 1197 1376 circiter
1217 1315 1389 1376 trecentae

98 1416 337 1504 septuaginta
372 1414 536 1480 Videmus
559 1413 668 1500 igitur
692 1415 865 1482 Catullum
887 1417 997 1503 magis
1021 1439 1123 1503 quam
1138 1417 1313 1483 Tibullum
1332 1439 1389 1503 pe-

100 1520 227 1590 riodos
249 1521 416 1588 amavisse
439 1526 475 1586 et
496 1522 670 1610 longiores
694 1523 951 1589 enuntiatorum
974 1525 1071 1591 orbes
1096 1524 1329 1612 composuisse.

197 1629 253 1694 Ex
276 1629 336 1694 illa
356 1628 575 1716 periodorum
599 1628 697 1720 copia
720 1634 801 1695 sunt
822 1627 956 1716 periodi
978 1630 1148 1718 simplices
1168 1629 1259 1719 apud
1274 1629 1389 1696 Catul-

105 1737 181 1804 lum
203 1736 281 1820 238,
305 1735 395 1822 apud
419 1733 592 1800 Tibullum
617 1735 692 1818 144,
714 1733 848 1824 periodi
871 1737 1077 1824 compositae
1100 1737 1132 1804 h.
1158 1759 1185 1803 e.
1207 1737 1245 1803 in
1268 1736 1390 1822 quibus

107 1843 287 1930 complura
310 1842 495 1908 'enuntiata
517 1841 686 1930 primaria
712 1849 858 1925 exstant,
887 1844 979 1930 apud
1001 1843 1177 1934 Catullum
1201 1845 1275 1926 160,
1300 1840 1390 1930 apud
1523 1831 1526 1838 ’

107 1947 279 2016 dibullum
310 1948 383 2014 228.
439 1948 593 2014 Tibullus
624 1947 733 2034 igitur
762 1954 802 2013 ut
829 1954 928 2044 patet
958 1949 1067 2036 magis
1098 1972 1201 2037 quam
1235 1949 1389 2016 Catullus

107 2056 290 2122 enuntiata
311 2055 473 2144 primaria
494 2053 703 2122 secundariis
724 2055 922 2144 praeposuit
943 2061 978 2120 et
993 2056 1103 2144 magis
1119 2078 1221 2143 quam
1236 2056 1390 2126 Catullus

106 2163 366 2252 simplicitatem
393 2161 547 2250 priorum
574 2167 766 2251 temporum
796 2161 950 2228 servarit.
1000 2163 1077 2228 Hoc
1099 2163 1150 2229 ita
1171 2185 1244 2228 sese
1265 2163 1390 2230 habere

108 2293 153 2338 ex
176 2291 217 2335 eo
240 2291 374 2357 quoque
398 2269 518 2352 elucet,
548 2268 640 2355 quod
663 2269 820 2336 Tibullus
848 2270 1027 2336 enuntiata
1055 2270 1254 2337 secundaria
1278 2270 1392 2356 quarti

109 2385 146 2444 et
178 2377 290 2464 quinti
321 2373 451 2443 ordinis
480 2398 649 2464 nusquam
682 2377 863 2467 usurpavit
896 2385 932 2444 et
961 2378 1056 2444 tertii
1086 2399 1220 2464 quoque
1235 2375 1390 2460 ordinis,

108 2506 258 2571 quorum
279 2482 370 2573 apud
394 2483 568 2550 Catullum
591 2491 728 2574 exstant
751 2485 804 2568 21,
833 2505 902 2552 uno
931 2490 1067 2553 tantum
1088 2485 1164 2549 loco
1187 2484 1248 2570 qui
1270 2487 1322 2548 est
1345 2483 1391 2566 H,

110 2593 146 2674 2,
174 2591 308 2656 19-20.
352 2586 491 2655 Periodi
520 2588 629 2678 igitur
652 2589 780 2655 Tibulli
803 2597 886 2656 sunt
907 2612 977 2657 non
1001 2596 1071 2655 tam
1094 2589 1279 2657 artificiose
1302 2610 1390 2660 oom-

109 2697 246 2786 positae
268 2696 513 2784 quam-Catulli
537 2704 572 2762 et
593 2697 702 2762 maior
725 2703 777 2788 est
800 2696 1001 2785 simplicitas
1025 2697 1154 2763 Tibulli
1176 2697 1214 2762 in
1235 2693 1391 2784 periodo·

110 2826 193 2874 rum·
212 2803 490 2870 conformatione.
525 2802 613 2870 Cum
635 2824 702 2890 qua
725 2826 762 2869 re
785 2803 850 2869 hoc
872 2803 1001 2870 factum
1024 2803 1071 2870 sit
1094 2803 1297 2890 quaerimus,
1321 2824 1392 2868 non

112 2907 264 2976 difficile.
283 2916 336 2976 est
362 2910 475 2977 dictu:
507 2909 661 2976 Catullus
693 2910 785 2976 enim
815 2911 853 2976 in
884 2917 958 2976 arte
986 2910 1137 2976 carmina
1165 2909 1392 2998 componendi

107 3016 246 3104 saepius
269 3016 418 3086 Graecos
446 3024 581 3085 secutus
605 3024 672 3100 est;
701 3016 869 3104 imprimis
891 3024 1010 3105 poetas
1032 3005 1286 3083 Alexandrinos
1308 3037 1392 3106 quos

108 3130 248 3207 vocant,
279 3145 424 3210 quorum
453 3121 587 3210 periodi
617 3123 764 3190 maxima
794 3131 868 3191 arto
900 3130 981 3189 sunt
1012 3123 1228 3210 compositae,
1262 3121 1392 3188 imitari

108 3228 256 3314 studuit,
286 3251 391 3318 quare
412 3228 545 3317 periodi
568 3228 865 3296 artificiosissimae
889 3235 925 3294 et
946 3229 1167 3316 longissimae
1193 3229 1232 3294 in
1254 3229 1297 3294 iis
1321 3250 1391 3296 oar·

107 3333 263 3403 minibus
283 3341 432 3419 ,exstant
455 3357 541 3420 quae
565 3357 607 3400 ex
627 3335 835 3402 Graecorum
858 3357 952 3401 more
976 3336 1228 3428 composuitut
1252 3336 1392 3402 62-68.

108 3441 271 3508 Tibullus
298 3448 415 3527 tamen
441 3441 530 3506 hanc
557 3441 650 3507 viam
677 3442 851 3528 ingressus
878 3448 931 3506 est
952 3442 1020 3508 nisi
1042 3443 1080 3508 in
1103 3442 1252 3508 carmine
1274 3441 1336 3526 IV,
1362 3443 1391 3534 1,

108 3569 181 3636 quo
203 3549 385 3614 Messalam
407 3546 570 3632 laudavit,
593 3554 697 3634 atque
719 3569 759 3614 ea
781 3547 824 3613 de
848 3569 948 3616 causa
970 3549 1035 3614 hoe
1057 3549 1096 3615 in
1119 3549 1268 3614 carmine
1290 3549 1393 3614 etiam

109 3656 271 3724 Tibullus
293 3656 467 3743 longiores
489 3654 647 3743 periodos
671 3657 870 3746 composuit.
916 3655 1048 3722 Ceteris
1075 3662 1190 3721 autem
1213 3656 1252 3721 in
1274 3655 1392 3722 carmi·

108 3762 215 3830 nibus
238 3784 281 3828 ex
303 3763 538 3850 Romanorum
561 3784 654 3828 more
677 3762 933 3850 simplicitatem
956 3761 1107 3828 servavit
1122 3767 1157 3826 et
1173 3761 1394 3826 artificiosam

108 3867 336 3960 periodorum
365 3875 571 3935 structuram
601 3869 756 3934 evitavit.
809 3868 964 3934 Catullus
995 3873 1118 3951 autem,
1150 3867 1210 3954 qui
1239 3868 1394 3956 priorum

108 3985 307 4063 temporum
335 3974 525 4063 simplicem
551 3997 652 4040 usum
679 3974 797 4041 multis
820 3975 958 4060 quidem
981 3975 1018 4040 in
1041 3974 1140 4040 rebus
1164 3975 1327 4057 servavit,
1351 3975 1393 4040 ab

109 4082 349 4150 artificiosiore
372 4082 587 4172 periodorum
611 4089 792 4166 structura,
815 4104 902 4168 quae
924 4083 1026 4170 paulo
1048 4081 1253 4170 postmagis
1268 4081 1392 4166 magis·

112 4212 182 4278 que
205 4188 342 4267 exculta
364 4194 426 4274 est,
449 4210 520 4255 non
542 4209 679 4277 prorsus
702 4189 871 4256 abhorret.
