3320 5012
809 75 1007 152 -§4'·..

279 261 282 266 '
308 243 501 342 66161161
520 239 690 346 [11611666
709 241 774 346 ego
797 281 868 326 non
890 259 961 326 ullo
984 245 1358 345 16161111616163611,

518 365 592 432 Neo
614 365 644 432 si
666 387 720 431 me
743 365 878 433 infestis
902 363 1095 454 discerpent
1116 364 1228 431 sidera
1250 365 1351 432 dictis

345 471 348 484 '
432 503 434 509 ⁸
518 470 666 539 Condita
688 473 773 561 quin
788 473 889 539 'versi
910 471 1058 562 pecturis
1081 472 1256 559 evoluam]
1345 556 1350 568 ,

326 576 380 663 67,
393 601 493 663 9-14:
519 578 579 666 [ita
602 578 748 646 Caecilio
771 579 934 669 placeam,
957 578 1013 645 cui
1035 577 1163 644 tradita
1184 598 1276 647 nune
1298 580 1392 666 sum]

306 682 360 770 76,
377 707 493 769 17-22:
519 687 565 772 [et
587 684 617 751 si
638 685 747 754 vitam
768 686 901 775 puriter
923 684 991 772 egi,
1032 711 1035 716 ·

519 792 653 882 Eripite
675 792 764 860 hanc
786 801 917 884 pestem
937 792 1190 884 perniciemque
1211 791 1316 880 mihi]

327 899 397 984 961’,
413 922 491 994 1-2:
512 900 577 988 [ita
598 923 653 968 me
675 901 712 968 di
734 904 869 990 ament]

269 1003 628 1102 866116661166161166
650 1005 692 1072 de
714 1007 926 1096 parenthesis
949 1029 1021 1075 usu
1043 1007 1214 1074 Numerus
1235 1007 1388 1074 locorum
1403 1005 1463 1094 qui
1476 1005 1555 1072 huc

268 1111 443 1201 pertinent
465 1134 609 1204 magnus
631 1134 701 1180 non
724 1121 776 1184 est
798 1136 909 1202 neque
930 1114 1126 1181 intellectus
1147 1113 1202 1180 1116
1225 1113 1411 1180 6161116116
1438 1112 1554 1178 inter-

268 1218 389 1312 positis
399 1218 594 1310 impeditur,
607 1221 688 1307 quia
699 1242 816 1287 omnes
827 1219 891 1289 hae
902 1211 1121 1311 parentheses
1136 1221 1276 1288 modum
1289 1242 1361 1288 non
1376 1221 1554 1288 excedunt
1645 1247 1646 1306 1

268 1333 404 1420 praeter
425 1349 529 1420 unam
550 1328 646 1393 illam
669 1350 755 1416 quae
778 1333 889 1394 exstat
910 1327 949 1392 in
971 1327 1119 1394 carmine
1141 1327 1194 1395 65.

357 1433 458 1501 Nunc
479 1440 594 1524 autem
615 1434 815 1523 priusquam
836 1433 925 1500 hano
948 1433 1190 1520 quaestionem,
1206 1441 1374 1521 quatenus
1389 1434 1550 1504 Catullus
1645 1463 1646 1526 3

267 1539 486 1628 periodorum
504 1540 779 1608 ¹conformatione
806 1563 887 1608 usus
910 1541 964 1626 611,
986 1541 1210 1628 absolvamus,
1233 1543 1349 1632 paucis
1373 1565 1547 1633 exponen·

267 1648 351 1714 dum
378 1648 524 1733 videtur,
549 1670 609 1713 cur
631 1648 720 1714 hano
741 1647 799 1713 vel
820 1646 915 1713 111611
936 1646 1116 1736 periodum
1138 1649 1187 1716 sio
1209 1657 1250 1716 61
1271 1649 1415 1717 fecimus
1437 1651 1549 1718 inter-
1645 1645 1646 1712 Ῑ

266 1756 394 1844 pretati
423 1755 541 1839 simus;
570 1777 681 1843 neque
711 1754 802 1821 enim
830 1776 1009 1844 possumus
1038 1777 1164 1844 negare
1192 1755 1367 1823 nonnullis
1394 1756 1432 1822 in
1458 1756 1548 1823 locis

267 1863 463 1951 ambiguam
478 1870 514 1929 61
529 1862 666 1930 dubiam
680 1885 753 1930 rem
769 1857 849 1929 esse.
865 1861 964 1956 Quod
976 1868 1019 1944 ut
1034 1860 1214 1930 doceamus
1229 1885 1336 1932 unum
1351 1864 1546 1953 exemplum

266 1969 388 2036 afferre
410 1970 520 2036 liceat.
543 1970 707 2057 Legimus
730 1969 783 2055 64,
796 2003 919 2053 99--161
942 1969 1039 2036 haec:

426 2076 581 2170 Quantos
603 2077 663 2143 1116
685 2077 767 2144 tulit
789 2073 1093 2164 languenti'corde
1115 2076 1268 2144 timores!

425 2185 561 2265 Quanto
585 2205 685 2273 saepe
706 2185 816 2272 magis
839 2184 975 2272 fulgore
996 2184 1162 2273 expalluit
1189 2183 1276 2251 auri!

425 2290 512 2357 Oum
534 2313 673 2358 saevum
696 2291 835 2380 cupiens
858 2297 978 2357 contra
999 2290 1206 2358 contendere
1227 2298 1419 2359 monstrum

424 2397 498 2465 Aut
519 2404 666 2464 mortem
688 2402 867 2490 oppeteret
889 2396 1039 2464 Theseus
1061 2406 1120 2464 aut
1142 2399 1294 2488 praemia
1314 2398 1434 2465 laudis.

263 2503 337 2570 Hos
359 2527 477 2572 versus
500 2505 549 2571 sic
571 2527 686 2571 sumus
708 2487 936 2594 interpretati,
959 2511 1001 2570 ut
1018 2504 1085 2571 duo
1101 2506 1279 2572 enuntiata
1292 2505 1456 2594 primaria
1470 2506 1542 2574 sint

264 2613 431 2702 copulata,
448 2635 490 2679 ex
505 2634 650 2700 quorum
664 2613 850 2702 posteriore
864 2613 1038 2701 pendeant
1053 2613 1120 2678 duo
1137 2613 1315 2680 enuntiata
1329 2611 1541 2700 secundaria,
1645 2655 1646 2746 ,

262 2725 365 2806 atque
393 2717 535 2786 consilio
562 2719 655 2786 11616
683 2720 796 2786 locum
822 2720 870 2785 sic
897 2720 1124 2809 exposuimus,
1151 2743 1232 2786 nam
1254 2720 1341 2787 illud
1365 2721 1541 2809 ,Quantos
1645 2767 1646 2836 ,

261 2826 322 2893 1116
344 2825 426 2893 tulit
449 2825 629 2913 languenti
652 2823 948 2892 6611161111161661α
974 2824 1094 2892 eodem
1115 2827 1216 2892 modo
1239 2833 1342 2913 atque
1360 2827 1466 2893 altera
1481 2849 1541 2894 ex·
1645 2837 1646 2884 1

262 2933 420 3000 clamatio
456 2954 533 2998 oum
566 2931 610 2998 iis
644 2953 730 3019 quas
764 2937 953 3019 sequuntur
982 2930 1260 3019 coniungendum
1289 2955 1360 3000 6666
1389 2933 1540 3020 videtur,
1645 2971 1646 3028 3

261 3061 365 3127 quare
387 3041 517 3130 primus
539 3040 598 3106 ille
620 3061 738 3106 versus
768 3060 789 3105 6
818 3039 939 3130 ceteris
969 3039 1099 3104 secerni
1125 3061 1197 3134 non
1221 3046 1343 3129 potest
1380 3041 1541 3109 Fortasse
1645 3069 1646 3080 ¹

260 3153 375 3214 autem
397 3149 484 3215 alius
507 3147 584 3235 quis
606 3147 698 3214 huno
719 3148 840 3213 locum
855 3147 904 3212 sic
926 3146 1094 3235 explicare
1116 3148 1258 3233 mavult,
1279 3155 1319 3214 ut
1340 3170 1459 3216 versus
1481 3149 1541 3214 ille

262 3254 437 3343 ,Quantos
452 3255 512 3322 illa
530 3255 613 3321 tulit
634 3255 815 3342 languenti
837 3253 938 3320 corde
961 3254 1132 3320 111161661κ
1158 3255 1248 3322 66116
1271 3254 1400 3321 efficiat
1423 3255 1540 3323 orbem
1645 3301 1646 3322 1

259 3368 296 3428 61
318 3362 430 3430 verba
446 3382 531 3449 quae
554 3368 744 3449 sequuntur
766 3361 808 3428 ab
831 3359 885 3427 his
907 3368 1135 3454 secernantur.
1171 3361 1224 3428 Ac
1250 3361 1324 3428 sine
1347 3361 1451 3429 dubio
1475 3361 1540 3429 hoo

259 3490 393 3557 quoque
423 3467 492 3534 dici
520 3475 643 3557 potest,
673 3491 879 3556 quamquam
908 3467 1019 3555 aptior
1049 3467 1148 3534 nobis
1178 3467 1314 3555 quidem
1335 3474 1459 3556 nostra
1480 3469 1540 3536 illa

257 3576 397 3643 videtur
419 3575 609 3665 explicatio.
632 3575 709 3642 Tali
728 3582 843 3642 antem
858 3573 1084 3662 ambiguitate
1100 3579 1294 3641 structurae
1309 3597 1409 3664 saepe
1425 3598 1540 3642 snmus

257 3684 381 3770 vexati,
398 3705 475 3750 oum
490 3685 661 3750 incertum
676 3690 775 3768 esset,
792 3704 959 3770 quaenam
975 3680 1153 3747 enuntiata
1169 3689 1285 3776 essent
1299 3680 1541 3770 coniungenda

256 3789 296 3855 in
317 3813 421 3857 unam
443 3789 628 3879 periodum.
652 3787 773 3858 (161166
797 3791 889 3858 enim
910 3791 1004 3877 leges
1027 3789 1091 3854 hac
1113 3786 1156 3855 de
1178 3811 1217 3856 16
1243 3813 1307 3856 166
1329 3796 1411 3857 sunt
1429 3809 1541 3876 neque

257 3919 329 3964 6666
357 3906 509 3986 possunt,
538 3905 578 3964 ut
606 3921 669 3987 per
699 3921 735 3965 66
763 3904 868 3988 patet.
898 3895 1089 3962 Enuntiata
1111 3895 1258 3984 singula,
1283 3919 1369 3984 quae
1390 3896 1483 3962 inter
1504 3917 1541 3961 se

257 4002 436 4071 cohaerere
463 4003 634 4091 videntur,
663 4027 762 4094 saepe
789 4002 1008 4070 diiudicanda
1035 4009 1117 4068 sunt
1138 4025 1179 4069 ac
1203 4003 1452 4088 Lachmannus,
1475 4021 1542 4089 qua

256 4116 330 4177 erat
359 4110 546 4197 sagacitate
576 4118 612 4176 et
640 4109 780 4198 linguae
809 4111 936 4176 1611166
966 4108 1174 4195 cognitione,
1206 4110 1277 4176 fere
1311 4108 1438 4197 ubique
1464 4129 1541 4174 oum

254 4217 472 4306 periodorum
502 4215 748 4284 connexionem
777 4239 878 4284 sensu
907 4236 967 4282 suo
998 4215 1208 4284 examinavit
1245 4223 1338 4284 recte
1364 4213 1539 4299 iudicavit,
1645 4297 1646 4300 Ἴ

255 4341 359 4411 quare
381 4321 472 4388 huuc
494 4321 669 4388 hominem
691 4321 923 4390 doctissimum
946 4323 1053 4390 secuti
1072 4345 1188 4391 sumus
1203 4324 1375 4418 plerisque
1389 4323 1428 4390 in
1442 4322 1539 4406 locis,

253 4430 315 4496 ubi
337 4429 570 4496 controversia
593 4435 677 4514 erat,
710 4431 771 4517 qui
797 4431 888 4517 quod
911 4431 1092 4522 6611666111,
1115 4429 1385 4518 interpungendi
1406 4427 1539 4496 ratione

254 4538 458 4628 plerumque
483 4537 566 4604 satis
589 4539 767 4628 perspicue
790 4538 1046 4607 demonstravit
1076 4537 1259 4628 Perpaucis
1274 4541 1392 4606 1611161
1405 4536 1445 4604 11
1457 4535 1539 4604 16616
1645 4623 1646 4634 ,
