3320 5012
667 61 879 131 ,69-

255 257 260 266 ’
394 242 513 326 Neque
535 241 639 306 611166
660 240 812 306 66166116
835 240 1000 328 impetum
1023 236 1130 306 trabis

393 348 561 433 Nequisse
582 348 768 435 praeterire
791 347 865 412 sive
885 344 1045 433 palmulis

394 456 488 545 Opus
510 456 601 521 foret
621 457 740 522 volare
762 455 834 522 sive
856 454 974 520 linteo.

126 563 224 641 Quae
248 561 407 652 periodus
434 562 523 629 hanc
549 562 653 628 habet
679 561 841 628 formam:
873 559 1041 660 A(a)—AL
1053 553 1219 624 Periodus
1241 555 1321 626 huic
1343 577 1405 644 par

273 719 276 726 .
965 667 1029 752 b,o

125 775 256 861 legitur
279 776 332 861 63,
351 804 464 861 50—55·
486 775 578 842 Huic
599 775 774 841 simillima
797 781 849 840 est
870 779 1041 840 structura
1066 773 1118 856 13,
1138 801 1215 856 1-5,
1230 769 1296 838 hoc
1310 769 1404 836 sche-

126 889 219 948 mate
231 879 456 969 significanda
469 881 502 946 A
512 886 556 968 (a)
568 882 612 967 A,
625 903 770 968 quacum
782 880 1033 947 accuratissime
1046 877 1216 945 consentit
1226 877 1280 962 50,
1293 909 1405 962 14-17,

125 1095 187 1161 ubi
208 1101 287 1183 post
312 1098 386 1183 ,at“
414 1117 547 1162 comma
565 1093 780 1176 scribendum
794 1101 962 1182 putamus,
978 1115 1059 1160 nam
1072 1091 1157 1158 haec
1170 1089 1340 1180 particula
1354 1093 1406 1156 661

127 1202 267 1268 initium
290 1203 462 1269 enuntiati
483 1200 638 1291 primarii
663 1208 718 1288 ,61
740 1202 815 1286 666,
838 1198 994 1285 iocunde,
1011 1200 1076 1267 tibi
1091 1220 1211 1288 poema
1226 1195 1324 1281 ieci“,
1346 1218 1405 1263 66-

127 1329 194 1394 666
217 1307 459 1395 coniungenda
481 1315 633 1374 osteum
656 1309 835 1374 enuntiato
858 1306 1057 1374 secundario
1083 1311 1282 1395 „postquam
1300 1325 1406 1370 mem-

125 1415 189 1480 bra
204 1415 425 1480 semimortua
439 1415 553 1480 labore
567 1413 698 1482 defessa
719 1415 906 1481 iaoebant“
930 1414 1085 1480 Eandem
1107 1409 1240 1501 periodi
1262 1409 1407 1482 formam

127 1522 292 1586 habemus
304 1522 356 1605 64,
368 1541 524 1606 3⁶⁶-3793
549 1522 601 1606 76,
618 1544 702 1608 7-93
724 1520 777 1606 99,
796 1519 1404 1608 7-6),66166616611661616,,6661“

130 1648 261 1693 comma
291 1627 506 1695 scribendum
533 1635 596 1714 est,
626 1633 740 1716 61666
753 1626 872 1694 eadem
895 1626 937 1696 de
960 1625 1136 1694 66666616
1159 1624 1333 1691 simillima
1356 1628 1407 1688 est

127 1731 288 1820 periodus
312 1757 397 1821 quae
419 1743 516 1802 extat
538 1737 592 1821 64,
609 1757 750 1820 280-284
776 1735 855 1802 hoc,
868 1734 1039 1804 schemate
1064 1729 1407 1833 [1666-661661-

128 1945 270 2013 ficanda
281 1947 436 2015 Eandem
447 1949 519 2016 fere
531 1949 1070 2033 611661616166111166161,.16-,15;
1083 1945 1409 2046 etiam68,149-152²

128 2053 301 2120 simillima
316 2061 378 2138 est,
395 2055 464 2120 nisi
478 2053 566 2121 illud
606 2107 610 2114 .
670 2109 673 2116 .
1117 2105 1120 2114 ,

341 2162 394 2227 Ne
417 2167 577 2228 restrum.
594 2161 710 2227 scabra
732 2167 855 2246 tangat
877 2159 1036 2246 rubigine
1058 2177 1185 2226 nomen

340 2268 435 2333 Haec
458 2267 739 2354 6166611166166
763 2273 866 2353 atque
888 2267 955 2334 6116
978 2274 1080 2353 61666
1103 2265 1178 2332 alia

128 2374 376 2439 numerandum
399 2381 451 2440 661
470 2397 532 2464 pro
553 2382 715 2461 quattuor
731 2374 926 2459 enuntiatis,
942 2373 1103 2461 quoniam
1119 2371 1270 2439 subiecta
1284 2369 1410 2439 adsum

129 2483 292 2564 quattuor
308 2502 490 2566 eorumque
506 2480 773 2567 unumquodque
787 2481 919 2553 indicat
940 2501 1069 2548 novum
1092 2478 1317 2547 enuntiatum
1344 2476 1409 2542 Hla

129 2605 264 2669 quoque
290 2584 449 2672 periodus
479 2608 580 2671 quam
606 2585 752 2672 legimur
781 2584 1012 2670 961-41166
1039 2581 1217 2651 referende
1242 2590 1409 2667 aetnam

130 2690 239 2776 qualis
261 2697 373 2757 exstat
391 2691 479 2759 hanc
494 2692 598 2759 habet
612 2692 758 2758 formam
772 2693 806 2758 A
818 2691 866 2782 (a)
877 2692 923 2776 A;
946 2691 1006 2757 sed
1028 2691 1114 2757 66116
1134 2711 1205 2756 666
1222 2711 1409 2779 possumus,

129 2909 245 2968 utrum
272 2904 356 2970 haec
383 2903 546 2993 periodus
570 2906 707 2993 longior
734 2905 841 2972 fuerit
868 2927 983 2972 66666
1009 2903 1124 2989 166111,
1153 2924 1230 2969 cum
1251 2904 1409 2969 lacunam

129 3010 284 3074 hocloco
301 3032 372 3074 esse
387 3016 528 3076 6666161.
555 3011 710 3078 Eandem
725 3018 931 3078 structuram
946 3011 1085 3078 exhibet
1100 3010 1152 3094 98,
1168 3042 1243 3078 1-2·
1271 3009 1407 3078 Similes

129 3120 212 3180 suni
233 3112 365 3202 periodi
388 3115 576 3199 36,11-17;
598 3119 651 3200 66,
668 3139 789 3202 79—833
813 3119 867 3201 68,
888 3149 1034 3201 135-137.

218 3221 399 3286 Praeterea
421 3221 606 3286 nonnullae
628 3223 762 3309 periodi
784 3223 851 3289 huc
873 3223 1057 3311 pertinent,
1084 3241 1169 3308 quae
1193 3219 1409 3286 enuntiatum

131 3326 331 3412 primarium
358 3327 521 3393 exhibent
547 3349 617 3394 non
644 3329 749 3394 semel
771 3335 906 3394 tantum
929 3329 986 3396 vel
1008 3349 1076 3395 uno
1099 3329 1157 3394 vel
1180 3326 1410 3414 compluribus

132 3432 319 3498 enuntiatis
342 3433 559 3518 secundariis,
583 3431 643 3499 sed
664 3433 717 3500 bis
740 3439 851 3500 atter
873 3434 1112 3522 interruptum.
1134 3433 1274 3516 661-6
1298 3423 1410 3498 exstat

132 3540 349 3606 enuntiatum
370 3541 571 3628 primarium
592 3541 669 3606 hoc:

345 3646 494 3713 Cinaede
517 3647 648 3733 Thalle,
671 3647 807 3713 mollior
829 3645 979 3714 cuniculi
1001 3645 1125 3735 capillo

345 3752 411 3818 Vel
433 3754 561 3819 anseris
582 3752 768 3820 medullula
790 3756 847 3820 vel
869 3753 976 3820 imula
998 3752 1153 3820 auricilla

344 3857 410 3924 Vel
432 3881 519 3946 pene
541 3861 706 3946 languido
729 3860 820 3926 66616
842 3861 978 3946 6116666
1001 3879 1172 3942 61666666,

344 3962 507 4050 Idemque
529 3965 649 4031 Thalle
672 3964 809 4032 turbida
830 3967 985 4055 rapacior
1006 3965 1155 4054 procella
1182 4001 1186 4010 ,

344 4175 497 4242 Remitte
519 4176 663 4264 pallium
684 4179 771 4244 mihi
793 4201 907 4246 meum
908 4224 1195 4263 ..........

344 4281 595 4454 {primumque
618 4283 801 4352 Saetabum
823 4284 1113 4373 catagraphosque
1136 4285 1286 4372 Thynos,

388 4397 475 4477 epte,
503 4437 1196 4460 .......................

133 4491 189 4558 661
210 4490 323 4581 priore
345 4493 420 4560 loco
442 4517 544 4582 quem
564 4494 702 4584 punctis
724 4495 961 4566 denotavimus
983 4498 1151 4566 insertum
1178 4501 1231 4564 eet
1251 4495 1409 4570 6666116

1198 4603 1231 4656 2*
