3320 5012
339 938 474 1116 Natus
497 1067 572 1114 sum
586 1045 755 1112 Aemilius
771 1045 927 1112 Clemens
942 1067 969 1110 a
986 1043 1017 1110 d
1032 1045 1120 1114 XIV
1134 1045 1213 1112 Kal.
1229 1020 1310 1114 Jun.
1326 1069 1354 1112 a
1369 1046 1437 1112 LX
1452 1047 1485 1114 h.
1502 1071 1531 1114 s.

250 1173 358 1242 parvo
373 1151 411 1219 in
425 1174 516 1242 pago
527 1153 773 1220 Brunsvicensi
785 1151 845 1239 qui
857 1152 1044 1239 Ingeleben
1054 1160 1197 1220 vocatur
1210 1160 1309 1241 patre
1321 1153 1532 1238 Christiano,

251 1281 353 1347 quem
374 1258 492 1326 vivere
521 1265 624 1346 atque
651 1260 766 1324 valere
794 1259 940 1324 maxime
962 1259 1104 1346 gaudeo,
1132 1266 1241 1326 matre
1263 1260 1358 1326 Elisa
1380 1282 1400 1324 e
1420 1267 1531 1346 gente

252 1365 537 1453 Gieselbergensi,
550 1386 652 1453 quam
664 1372 743 1431 aute
753 1365 816 1432 hos
828 1372 905 1431 octo
918 1387 1025 1432 annos
1036 1371 1252 1453 praematura
1257 1374 1532 1454 morteereptam

250 1471 337 1538 mihi
358 1494 501 1566 maereo.
524 1471 625 1539 Fidei
646 1470 802 1538 addictus
826 1493 901 1538 sum
923 1471 1118 1538 luthericae.
1141 1474 1245 1538 Pater
1266 1473 1340 1563 ipse
1362 1473 1422 1559 qui
1444 1481 1532 1540 tunc

251 1579 364 1667 patrio
398 1580 459 1646 illo
493 1579 531 1645 in
564 1600 654 1666 pago
688 1577 845 1666 magistri
874 1600 1014 1645 munere
1043 1577 1262 1665 fungebatur,
1291 1602 1383 1647 nunc
1414 1587 1533 1647 autem

251 1692 392 1777 propter
414 1691 562 1752 aetatem
585 1683 746 1752 emeritus
769 1685 1002 1771 Blancoburgi
1016 1685 1203 1772 Hercynici
1225 1694 1389 1770 versatur,
1411 1687 1448 1752 in
1471 1686 1531 1751 lit-

253 1803 404 1860 terarum
426 1792 615 1882 primordia
637 1799 740 1879 atque
763 1792 932 1858 elementa
947 1793 1191 1880 grammaticae
1203 1791 1358 1877 Latinae,
1381 1793 1531 1860 Franco-

254 1901 407 1988 gallicae,
432 1901 583 1968 Graecae
605 1922 659 1966 me
675 1898 878 1986 introduxit,
902 1921 970 1985 quo
995 1899 1126 1966 factum
1149 1906 1209 1983 est,
1232 1907 1273 1967 ut
1296 1923 1374 1966 cum
1395 1922 1477 1967 vere
1500 1923 1530 1966 a

252 2007 395 2074 LXXII
421 2007 640 2096 gymnasium
667 2005 796 2074 adirem
822 2005 1132 2094 Blancoburgense,
1160 2007 1299 2074 tertiam
1328 2008 1366 2074 in
1389 2007 1532 2100 classem
1635 2011 1636 2046 r

252 2113 428 2203 reciperer,
467 2114 571 2180 Sexto
598 2134 688 2180 anno
715 2119 793 2202 post
820 2112 1055 2179 testimonium
1083 2115 1292 2180 maturitatis
1319 2114 1462 2204 adeptus
1486 2113 1531 2180 ad

252 2219 513 2288 universitatem
528 2219 785 2286 Berolinensem
804 2241 858 2285 me
874 2221 1014 2305 contuli,
1029 2221 1089 2286 ubi
1102 2244 1164 2309 per
1186 2229 1308 2308 quater
1322 2244 1381 2288 sex
1396 2244 1531 2288 menses

255 2323 373 2394 audivi
406 2327 500 2392 viros
534 2325 739 2394 clarissimos
772 2323 929 2410 Althaus,
967 2327 1135 2413 Droysen‚
1170 2328 1357 2415 Erdmann,
1394 2327 1531 2414 Geiger,

253 2433 390 2518 Harma,
417 2433 570 2518 Hdbner,
598 2433 755 2522 Kiepert,
789 2431 981 2518 Xirchhoff,
1012 2433 1179 2518 Marcker,
1206 2433 1341 2521 Miiller,
1368 2432 1530 2518 Mullach,

254 2541 411 2626 Paulson,
447 2540 587 2625 Robora
623 2539 775 2624 Scherer,
810 2539 929 2623 Seeck,
958 2539 1102 2624 Vahlen,
1132 2539 1373 2623 Wattenbach,
1391 2621 1393 2626 ι
1409 2540 1531 2624 Zeller,

255 2648 378 2736 quibus
401 2647 530 2737 optime
558 2646 601 2714 de
623 2669 677 2714 me
700 2647 832 2714 meritis
860 2645 1044 2713 maximam
1065 2669 1197 2736 semper
1220 2646 1353 2714 habebo
1374 2645 1531 2733 gratiam

254 2753 345 2821 Vere
367 2754 450 2820 anni
464 2753 607 2820 LXXX
623 2753 827 2842 Gottingam
848 2753 997 2840 migravi
1019 2753 1144 2822 litteris
1158 2753 1377 2842 'philologicis
1391 2773 1531 2841 operam
1635 2777 1636 2844 p

253 2866 448 2928 navaturus.
472 2860 613 2927 Scholas
628 2859 846 2948 frequentavi
860 2860 1038 2928 hominum
1052 2860 1326 2932 doctissimorum
1340 2861 1531 2944 Baumann,

253 2967 407 3054 Dilthey,
439 2964 609 3052 Goedeke,
640 2964 682 3033 de
705 2967 865 3053 Leutsch,
894 2967 1030 3053 Mulier,
1058 2967 1202 3060 Sauppe,
1225 2967 1378 3052 Wilken,
1410 2965 1532 3054 quibus

254 3080 421 3162 quantum
448 3071 590 3140 debeam
615 3096 791 3160 nunquam
819 3074 931 3140 dicere
952 3081 1083 3166 potero,
1112 3072 1171 3141 sed
1194 3074 1392 3144 memoriam
1415 3094 1533 3138 eorum

254 3202 387 3269 semper
408 3181 466 3269 pio
489 3193 525 3246 et
546 3187 646 3266 grato
669 3181 783 3248 animo
805 3181 945 3267 habebo,
968 3187 1071 3269 atque
1094 3181 1261 3266 omnibus,
1285 3202 1369 3268 quos
1391 3201 1532 3246 venera·
1635 3203 1636 3210 ¹

254 3287 390 3357 bundus
413 3287 594 3375 appellavi,
618 3287 747 3376 gratias
771 3309 836 3376 ago
859 3309 962 3374 quam
981 3289 1154 3356 maximas.
1177 3289 1244 3354 Per
1267 3289 1335 3354 duo
1356 3286 1534 3369 semestria

255 3393 379 3461 sodalis
391 3392 442 3458 fui
458 3398 493 3459 et
508 3393 682 3466 seminarii
696 3393 785 3482 regii
799 3393 1053 3484 philologorum
1068 3401 1104 3462 et
1118 3393 1293 3461 societatis
1307 3393 1532 3481 germanicae.
1635 3423 1636 3448 ι

257 3499 444 3586 Gottingae
473 3495 595 3568 studiis
625 3499 789 3568 absolutis
815 3523 897 3567 vere
923 3523 952 3567 u
980 3499 1158 3566 LXXXII
1186 3497 1451 3586 Guelferbytum
1478 3521 1532 3564 me
1635 3537 1636 3592 i

256 3605 386 3672 contuli
408 3612 444 3673 et
466 3606 504 3673 in
526 3605 707 3694 gymnasio
730 3606 830 3673 huius
853 3605 947 3675 urbis
962 3605 1120 3692 magistri
1134 3628 1274 3688 munere
1296 3603 1436 3673 functus
1458 3627 1532 3670 sum

257 3711 339 3778 anni
362 3712 518 3800 spatium.
541 3711 684 3778 Aestate
707 3734 735 3778 a
751 3711 949 3780 LXXXHI
965 3712 1153 3800 Gottingae
1177 3736 1319 3780 examen
1341 3733 1403 3801 pro
1426 3712 1531 3779 facul·
1635 3785 1636 3788 Ἴ

257 3826 329 3886 tate
351 3818 496 3886 docendi
519 3819 710 3888 sustentavi
733 3825 768 3886 et
789 3842 892 3905 nunc,
920 3827 1102 3910 postquam
1128 3843 1189 3909 per
1211 3842 1340 3892 annum
1362 3815 1532 3907 stipendia

259 3927 380 4010 merui,
394 3925 521 3994 iterum
535 3927 572 3994 in
587 3927 768 4014 gymnasio
784 3927 1055 4014 Guelferbytano
1071 3927 1227 4014 magistri
1242 3949 1382 3993 munere
1396 3925 1531 4012 fungor.
