3320 5012
669 57 867 130 -33,..

121 231 183 315 13,
196 250 281 313 6-83
310 249 411 318 porro
442 229 618 316 „inquies‘
632 295 634 303 ,
649 231 732 316 24,7
762 253 803 297 ac
825 229 1021 320 saepissime
1044 227 1199 316 „inquio
1225 229 1276 315 10,
1289 253 1407 317 24-273

116 338 184 422 45,
201 359 282 422 1-73
305 338 360 422 45,
377 359 491 420 ror—165
514 339 566 422 63,
579 359 694 422 78-80-
1160 429 1165 446 .

219 463 394 550 Nonnulla
410 461 477 528 alie
490 461 703 549 parenthesis
718 461 873 551 exempla
886 461 1050 529 habemus
1064 461 1103 528 in
1117 461 1172 528 his
1186 461 1407 529 carminibus:

245 587 391 672 2,.1‚.10‚
414 587 474 652 ubi
497 588 676 654 enuntiato
698 588 861 676 primario

388 781 391 788 Δ
411 695 531 762 Passer
553 693 696 762 deliciae
716 717 811 762 meae
833 695 965 784 puellae
989 733 1031 745 -

408 801 536 869 Tecum
558 803 676 868 ludere
698 803 787 870 sicut
808 803 881 891 ipsa
902 824 1036 892 possem

121 929 259 997 inserta
274 933 356 992 arnt
371 933 532 1013 quattuor
548 929 726 994 enuntiata
740 926 940 995 secundaria
954 927 1058 1016 primi
1073 925 1215 1014 ordinis3
1232 949 1274 994 ex
1285 935 1407 1014 quarto

123 1035 259 1124 pendet
285 1033 501 1100 enuntiatum
528 1035 765 1102 secundarium
791 1033 933 1101 secundi
957 1031 1089 1100 ordinis
1118 1056 1216 1119 „cum
1238 1032 1407 1101 desiderio

124 1164 204 1208 meo
228 1141 357 1207 nitenti
379 1135 504 1207 Oarum
525 1131 724 1228 nescioquid
746 1141 831 1207 libet
853 1141 959 1207 iocari
981 1141 1031 1208 Ut
1053 1141 1250 1208 solaciolum
1272 1142 1327 1208 sui
1349 1140 1408 1208 do·

126 1251 232 1316 loris“
261 1255 297 1314 ct
326 1255 369 1314 ex
395 1250 460 1315 hoc
486 1249 611 1315 iterum
641 1249 789 1334 „utiam
812 1249 928 1337 gravis
951 1249 1143 1334 acquiescat
1164 1248 1296 1334 ardor“;
1327 1255 1408 1315 ante

124 1359 194 1424 hoc
228 1357 444 1423 enuntiatum
479 1353 716 1422 secundarium
749 1357 844 1424 tertii
877 1355 1006 1424 ordinis
1038 1353 1282 1422 intercluditur
1311 1362 1408 1422 extra

126 1463 262 1554 periodi
283 1467 490 1530 structuram
512 1463 662 1552 positum
683 1463 769 1532 illud
793 1463 945 1550 ‚,credo“‚
972 1463 1134 1530 habemus
1157 1463 1265 1550 igitur
1286 1484 1406 1552 paren·

128 1569 252 1636 thesim

172 1685 222 1770 10,
235 1707 354 1772 28-31:
378 1685 480 1752 Mane
502 1709 557 1752 me
580 1686 703 1774 [inquii
724 1687 868 1776 puellae]

378 1789 477 1860 istud
499 1791 714 1881 quodmodo
738 1791 899 1879 dixeram,
924 1815 978 1859 me
1000 1791 1125 1860 habere

380 1897 498 1988 [Fugit
519 1924 575 1967 me
597 1901 720 1988 ratim]
741 1923 836 1966 meus
860 1901 984 1968 sodalis

378 2007 490 2074 Cinna
512 2016 565 2074 est
587 2008 702 2093 Gaius,
724 2008 754 2073 is
776 2007 842 2074 sibi
864 2007 1009 2098 paravit.

127 2129 212 2198 duas
235 2130 344 2220 igitur
365 2131 584 2221 parentheses
606 2132 665 2200 hic
686 2131 858 2200 habemus.
893 2132 1034 2199 Ceterae
1056 2138 1151 2199 sunt:

155 2309 157 2312 -
173 2257 225 2343 14,
239 2283 358 2343 21-432
382 2259 517 2346 [valete]

187 2366 239 2450 16,
254 2387 354 2450 5-112
379 2364 495 2453 [dico]-

207 2473 356 2542 33.1-a:
380 2472 480 2559 [Nam
502 2471 623 2538 dextra
644 2479 742 2561 pater
763 2473 994 2560 inquinatiore

382 2577 465 2644 (lulo
487 2578 579 2646 filius
602 2585 654 2644 est
675 2579 870 2667 veraciore]

205 2678 356 2768 44,1-9:
380 2685 479 2771 [Nam
501 2690 536 2751 te
559 2707 631 2752 esse
655 2685 832 2752 Tiburtem
855 2691 1044 2771 autumant,
1068 2684 1191 2773 quibus
1212 2704 1284 2751 non
1307 2689 1359 2750 est

380 2791 485 2858 Cordi
508 2792 681 2860 Catullum
703 2790 852 2860 laedere:
874 2799 912 2859 at
934 2791 1057 2878 quibus
1080 2789 1175 2858 cordi
1198 2798 1258 2876 est,

380 2899 511 2978 Quouis
533 2899 695 2968 Sabinum
718 2901 864 2989 pignore
887 2921 959 2966 esse
982 2897 1214 2986 contendunt]

138 2993 140 2998 Ι
171 3005 356 3089 50,18-2o:
380 3005 545 3094 [Oramus]

130 3111 355 3196 612196-1992
381 3112 440 3199 [ita
463 3135 517 3180 me
540 3113 662 3179 iuvent
684 3112 842 3199 Caelites]

219 3219 273 3304 61,
291 3239 356 3288 216:
381 3220 481 3307 [volo]
697 3210 699 3216 ’

170 3324 222 3410 62,
238 3347 356 3410 ³9-472
382 3325 496 3412 [Multi
518 3325 617 3392 illum
637 3323 746 3414 pueri,
770 3323 899 3392 multae
921 3331 1084 3414 optavere
1105 3325 1248 3416 puellae,

381 3431 479 3500 Idem
502 3455 579 3499 cum
601 3431 699 3499 tenui
721 3438 859 3521 carptus
882 3429 1043 3499 defloruit
1064 3434 1184 3522 ungui,

380 3540 478 3606 Nulli
500 3539 599 3606 illum
620 3540 729 3628 pueri,
751 3539 866 3608 nullae
890 3545 1052 3628 optavere
1074 3539 1227 3629 puellae]

172 3645 358 3732 62‚49-58:
383 3647 492 3734 [Hanc
514 3647 602 3714 nulli
623 3648 804 3734 agricolae,
827 3646 916 3715 nulli
939 3648 1073 3714 coluere
1096 3645 1242 3732 iuvenci,

381 3753 431 3818 At
453 3753 483 3820 si
505 3753 595 3820 forte
619 3750 769 3820 eademst
791 3753 884 3819 ulmo
908 3753 1091 3820 coniuncte
1112 3751 1246 3836 marite,

381 3859 486 3927 Multi
506 3861 602 3928 illam
624 3861 804 3949 agricolae,
827 3861 929 3928 multi
952 3862 1086 3928 coluere
1109 3860 1266 3947 iuvenci]

131 3964 353 4052 64,105—111:
379 3967 450 4054 [illa
472 3968 592 4055 procul
613 3966 776 4036 radicitus
799 3969 980 4036 exturbata

381 4074 496 4140 Prona
518 4072 620 4157 eadit,
643 4075 712 4140 late
734 4097 802 4160 qua
824 4081 876 4142 est
898 4075 1046 4164 impetus
1069 4072 1171 4140 obvia
1191 4073 1375 4162 frangens]

131 4176 183 4262 64,
196 4198 355 4264 269-277:
380 4180 462 4267 [leni
483 4186 647 4246 resonant
668 4181 835 4268 plangore
857 4179 1033 4267 cachinni]
1409 4261 1412 4264 ¹

183 4359 185 4366 ,
219 4287 385 4372 65,1-30,
413 4287 473 4353 ubi
499 4310 554 4354 vv.
577 4288 689 4352 4-20
715 4287 909 4378 interrupta
935 4294 987 4354 est
1008 4285 1168 4376 periodus
1189 4309 1252 4376 per
1272 4285 1412 4354 naenias

131 4392 208 4458 illas
230 4392 458 4481 admirabiles,
482 4394 606 4482 quibus
630 4387 779 4460 fratrem
795 4401 969 4462 mortuum
990 4395 1199 4460 lamentatur
1220 4398 1331 4482 poeta.

225 4501 289 4588 aa,
310 4521 355 4574 18:
381 4501 442 4591 [ita
463 4522 519 4568 me
541 4499 616 4568 divi
637 4499 785 4592 inerint]
943 4497 945 4502 ’

1200 4606 1219 4662 3
