3320 5012
644 133 844 239 ..ἷζε-

109 341 279 430 primariis
298 341 459 432 periodus
478 364 548 409 non
569 345 727 413 efficitur.
755 346 863 435 Saepe
885 351 1000 413 autem
1022 345 1088 412 hoc
1109 345 1159 430 fit,
1183 365 1388 434 quamquam

111 473 161 535 ea,
184 471 267 536 quae
291 448 512 537 exprimenda
535 458 616 517 sunt
643 453 822 518 enuntiato
843 453 1011 541 {primario
1040 454 1159 539 altero,
1186 453 1270 520 talia
1297 457 1387 536 sunt,

110 566 153 624 ut
178 558 284 624 multo
313 557 426 646 aptius
454 555 613 625 dicantur
641 561 819 626 enuntiato
835 559 1050 628 «secundario.
1096 561 1219 648 Itaque
1240 561 1390 648 primum

109 665 208 733 nobis
227 663 467 754 exponendum
488 673 549 750 est,
572 674 738 754 quatenus
754 667 909 734 Catullus
924 669 1103 734 enuntiata
1117 667 1280 756 primaria
1293 688 1390 732 usur-

28 795 31 801 ’
110 772 245 861 paverit
272 793 312 837 ac
339 769 474 857 deinde,
504 773 626 860 quibus
653 774 691 839 in
713 774 797 840 loois
819 772 977 862 periodos
1001 775 1186 843 evitaverit
1207 773 1261 840 his
1284 794 1390 838 enun-

111 880 207 946 tiatis
228 879 410 967 primariis.
1084 949 1086 956 ,

200 985 411 1072 Permagnus
435 993 546 1053 exstat
569 1010 730 1054 numerus
753 990 913 1073 locorum,
933 989 971 1054 in
992 989 1113 1075 quibus
1129 987 1308 1054 enuntiata
1323 986 1391 1075 pri·

110 1091 217 1158 maria
246 1091 320 1158 sola
348 1095 556 1160 secundariis
586 1117 656 1161 non
685 1095 846 1161 admixtis
876 1096 1100 1183 reperiuntur.
1152 1093 1289 1160 Dixerit
1321 1093 1390 1159 for·

112 1206 201 1266 tasse
224 1198 392 1286 quispiam
414 1202 642 1286 necessarium
665 1224 745 1286 esse,
770 1225 814 1268 ne
837 1202 919 1289 quid
942 1199 986 1267 ad
1007 1200 1229 1290 expositionis
1248 1199 1391 1285 integri-

113 1314 219 1374 tatem
246 1303 469 1391 desideretur,
500 1329 615 1373 omnes
643 1308 705 1375 hos
732 1309 825 1376 locos
853 1309 1007 1395 singulos
1035 1308 1165 1392 afferri,
1194 1308 1253 1373 sed
1276 1328 1390 1395 super·

117 1435 304 1481 vacaneum
327 1417 362 1477 et
382 1413 525 1500 longum
546 1434 610 1480 nos
633 1415 771 1502 quidem
793 1415 859 1482 hoo
882 1437 954 1481 esse
977 1436 1161 1498 censemus,
1191 1413 1392 1502 praesertim

123 1543 194 1586 cum
219 1519 424 1586 facillimum
450 1521 495 1587 sit
523 1521 565 1588 ob
593 1522 847 1611 simplicitatem
876 1519 1075 1604 structurae,
1103 1521 1134 1586 si
1161 1520 1237 1607 quis
1264 1519 1392 1586 Catulli

124 1629 241 1693 librum
264 1627 411 1715 legendo
435 1628 590 1694 celeriter
612 1630 790 1718 percurrit,
815 1651 872 1695 eos
896 1629 1065 1715 colligere.
1108 1626 1271 1692 Sufficere
1294 1625 1392 1692 nobis

130 1731 255 1799 videtur
277 1756 456 1800 numerum
479 1736 601 1801 horum
622 1736 774 1802 locorum
798 1742 833 1801 et
854 1758 961 1801 unum
976 1736 1166 1801 alterumve
1180 1732 1393 1799 uniuscuius-

126 1863 184 1927 que
204 1840 343 1927 geueris
365 1841 557 1929 exemplum
579 1843 740 1909 attulisse.

205 1948 375 2035 Persaep'e
404 1969 511 2013 unum
540 1955 675 2015 tantum
706 1949 923 2015 enuntiatum
952 1947 1153 2037 primarium
1186 1944 1393 2012 secundariis

122 2077 188 2122 uon
209 2053 353 2120 adiectis
375 2056 545 2144 reperitur
566 2064 606 2123 ut

183 2163 214 2245 8,
235 2185 267 2232 a:
291 2162 432 2228 Fulsere
455 2185 536 2230 vere
558 2161 695 2229 candidi
717 2163 783 2230 tibi
804 2163 900 2229 soles.

122 2270 252 2336 Horum
275 2269 531 2335 enuntiatorum
555 2277 692 2336 centum
716 2270 943 2358 quadraginta
966 2268 1038 2335 fere
1061 2267 1259 2354 collegimus
1283 2288 1395 2332 exem-

123 2377 186 2465 pla,
210 2396 356 2463 quorum
378 2377 487 2442 multa
508 2376 707 2445 brevissima
729 2383 820 2462 sunt,
843 2382 884 2443 ut

187 2485 217 2567 9,
237 2505 270 2568 5:
294 2481 438 2550 Venisti

186 2589 241 2675 40,
261 2609 295 2659 6:
320 2587 411 2669 Quid
433 2589 509 2657 vis?

188 2699 241 2782 61,
260 2716 311 2766 86:
334 2696 435 2762 Flere
457 2696 582 2762 desine.

125 2805 188 2870 alia
210 2809 326 2870 autem
350 2802 539 2892 complures
562 2824 680 2870 versus
702 2802 842 2891 explent
863 2809 903 2869 ut

188 2909 322 2996 9‚1-4:
345 2907 508 2994 Veranni,
532 2910 689 2976 omnibus
712 2932 731 2975 e
754 2909 839 2976 meis
862 2909 979 2976 amicis

346 3015 527 3082 Antistans
549 3015 635 3081 mihi
657 3014 793 3082 milibus
816 3017 978 3082 trecentis

348 3122 528 3190 Venistine
551 3122 689 3188 domum
711 3120 755 3188 ad
777 3129 854 3188 tuos
875 3123 1021 3188 Penates

348 3231 554 3317 Fratresque
576 3231 756 3297 unanimos
778 3251 949 3317 anumque
970 3228 1136 3294 matrem?

134 3335 397 3422 34,17-20:Tu
420 3359 530 3423 cursu,
554 3339 627 3422 dea,
651 3343 827 3404 menstruo

349 3444 496 3511 Matiene
518 3445 586 3511 iter
609 3466 758 3511 annuom

350 3551 495 3618 Rustica
517 3553 689 3640 agricolae
710 3551 809 3618 bonis

429 3659 534 3727 Tecta
557 3659 713 3746 frugibus
736 3659 859 3748 exples.

153 3767 212 3852 64,
229 3789 332 3838 8-1o:
352 3767 442 3833 Diva
466 3766 587 3854 quibus
609 3767 762 3832 retinens
784 3766 822 3831 in
845 3763 985 3830 summis
1007 3761 1147 3828 urbibus
1170 3781 1263 3824 arces

351 3874 432 3962 Ipsa
453 3873 523 3941 levi
546 3873 630 3938 fecit
652 3874 856 3940 volitantem
877 3869 1016 3936 flamine
1040 3888 1185 3950 currum,

351 3981 459 4047 Pinea
482 3982 694 4068 coniungens
716 3979 862 4045 inflexae
885 3984 980 4045 texta
1003 3974 1144 4040 carinae.

220 4088 351 4155 Deinde
366 4090 485 4155 multis
500 4089 538 4154 in
552 4090 636 4155 locis
652 4089 719 4154 duo
736 4085 914 4152 enuntiata
925 4082 1085 4173 primaria
1097 4079 1354 4164 coniunguntur
1364 4081 1404 4141 ut

186 4199 221 4281 6,
242 4219 327 4282 4-5:
351 4197 481 4262 Verum
503 4193 744 4281 nescioquid*)
760 4191 955 4258 febriculosi

353 4302 466 4369 Scorti
489 4302 622 4389 diligis:
646 4301 712 4368 hoc
734 4298 841 4388 pudet
863 4297 974 4364 fateri.

201 4539 229 4609 *l
247 4539 324 4594 Haec
346 4554 402 4592 vox
425 4535 630 4606 „nescioquid“‚
655 4551 727 4601 quae
751 4531 837 4586 simili
860 4529 944 4583 modo
969 4527 1044 4596 apud
1064 4525 1207 4580 Catullum
1226 4523 1320 4574 exstat
1338 4521 1363 4589 2,
1379 4540 1405 4588 ⁶3

126 4633 170 4702 53,
187 4649 218 4700 1;
236 4627 306 4698 80‚e
330 4627 402 4684 nihil
425 4626 504 4682 aliud
527 4629 570 4680 est
590 4641 675 4697 quam
694 4638 849 4698 pronomen
871 4619 1056 4686 indefinitum,
1082 4620 1114 4674 ut
1137 4613 1175 4667 sit
1197 4610 1336 4683 scriptum
1354 4627 1405 4684 pro
