3320 5012
668 40 865 120 ..15-

129 228 229 303 daria<
250 222 444 302 denotanda
470 226 605 297 litterae
630 231 834 297 vernaculae
859 230 1004 297 maiores
1032 235 1072 309 tt,
1096 233 1139 310 ἢ
1164 237 1191 304 (t
1217 237 1279 298 eoa,
1307 255 1403 300 usur.

126 349 228 432 patae
251 346 340 425 sunt,
364 361 447 426 quas
462 338 664 406 vernaculae
690 337 827 405 litterae
849 338 998 404 minores
1022 360 1052 416 c,
1068 340 1129 416 bc
1152 346 1214 405 cet.
1237 337 1281 406 ad
1296 363 1402 406 enun-

126 449 214 516 tiata
233 445 431 514 secundaria
451 445 565 531 quarti
591 442 720 510 ordinis
745 443 928 510 indicanda
946 452 1148 531 sequuntur;
1172 445 1285 532 quinti
1309 447 1402 512 deni-
1432 487 1435 495 -

127 576 194 642 que
220 553 351 620 ordinis
382 553 560 618 enuntiata
586 549 786 618 secundaria
816 549 1051 619 denotavimus
1083 553 1232 619 numeris
1259 553 1401 620 arabicis

127 683 210 749 quas
232 666 360 728 vocant
384 659 412 744 1,
435 661 465 744 2,
489 661 510 724 3
533 666 595 726 eet.
633 657 824 724 Enuntiata
850 657 1012 746 primaria
1039 655 1159 724 ordine
1181 659 1225 725 ad
1252 659 1401 726 libellam

126 773 271 855 aequato
287 765 671 854 conscripsimus'iisque
686 765 952 852 interposuimus
967 764 1152 832 semicolon
1163 767 1255 852 quod
1267 765 1401 853 dicitur,

125 875 305 942 enuntiata
332 873 532 939 secundaria
559 871 651 936 inter
678 893 714 938 se
742 870 853 937 divisa
883 878 964 937 sunt
991 871 1090 958 signo
1117 871 1192 956 illc,
1220 873 1312 958 quod
1338 895 1401 939 nos

125 1003 258 1048 comma
279 1001 448 1063 vocamus,
472 984 508 1044 et
530 978 676 1045 alterum
696 968 794 1043 suum
808 975 912 1043 habet
926 978 1039 1051 locum
1053 978 1116 1044 sub
1138 978 1247 1044 altero
1270 1001 1312 1044 ex
1334 1000 1401 1065 quo

124 1089 263 1176 pendet,
286 1092 321 1153 et
342 1087 409 1153 hoc
432 1105 565 1173 quoque
588 1082 835 1168 denotavimus,
859 1085 889 1150 si
912 1085 1127 1151 enuntiatum
1142 1085 1324 1174 superioris
1347 1106 1400 1160 or-

125 1193 216 1261 dinis
238 1194 421 1277 antecedit,
444 1193 510 1258 hoc
532 1189 633 1256 modo
654 1189 701 1301 dp
724 1191 897 1278 significat
924 1191 1033 1278 igitur
1055 1191 1120 1258 hoe
1142 1192 1278 1258 schema
1299 1193 1345 1277 A;
1369 1193 1400 1258 B

122 1387 312 1480 periodum,
336 1410 423 1477 quae
438 1411 479 1455 ex
494 1386 625 1456 duobus
641 1321 830 1454 eduutiatis
845 1387 1025 1476 primariis,
1049 1408 1192 1474 quorum
1206 1387 1306 1462 alteri
1321 1321 1398 1456 sub.-

121 1498 281 1583 iungitur
307 1495 522 1564 enuntiatum
549 1495 794 1579 secundarium,
822 1501 964 1560 constat.
1002 1493 1231 1563 Euuntiatum
1253 1495 1399 1568 alterum

123 1604 234 1687 alteri,
258 1603 313 1670 oui
335 1602 560 1689 subiungitur,
584 1600 783 1668 antecedere
805 1600 855 1666 ita
876 1606 917 1666 ut
939 1623 981 1667 ex
1003 1601 1197 1688 insequenti
1219 1601 1397 1669 enuntiato

43 1698 47 1704 ⁴
120 1707 277 1796 pendeat,
298 1707 524 1776 indicavimus
542 1714 672 1797 puncto
693 1707 831 1795 duplici,
852 1706 943 1793 quod
963 1707 1063 1773 colon
1078 1715 1203 1774 vocant
1223 1707 1309 1774 azA.
1332 1709 1397 1774 Po,

121 1821 248 1882 atremo
264 1816 482 1882 enuntiatum
496 1817 642 1882 alterum
658 1813 750 1898 quod
765 1813 932 1880 insertum
951 1821 1003 1878 est
1026 1815 1127 1880 alteri
1149 1822 1184 1881 et
1199 1816 1242 1882 ab
1257 1816 1397 1884 alterius

119 1921 274 2009 partibus
302 1923 461 2010 cingitur,
489 1923 586 1988 uncis
612 1919 819 1987 includimus
847 1919 998 1986 curvatis
1025 1921 1105 2008 (-)‚
1134 1922 1307 2008 angulatis
1330 1925 1396 2010 [-]

120 2035 236 2095 tamen
251 2051 292 2094 ea
306 2029 496 2112 enuntiata,
509 2049 595 2112 quae
611 2033 707 2093 extra
719 2026 1005 2094 constructionem
1020 2029 1277 2114 grammaticam
1292 2029 1396 2102 inter-

120 2136 234 2223 posita
255 2138 337 2201 sunt
358 2155 419 2230 per
441 2132 669 2222 parenthesin.
692 2131 787 2198 Haec
809 2132 991 2199 schemata
1005 2139 1086 2200 sunt
1108 2134 1206 2220 quasi
1228 2134 1395 2220 imagines

119 2239 338 2329 periodorum
365 2239 565 2308 utilissimae
593 2247 629 2306 et
650 2239 845 2328 aptissimae
871 2239 915 2309 ad
943 2240 1099 2309 celeriter
1121 2246 1224 2327 atque
1247 2237 1396 2308 dilucide

118 2345 390 2436 perspiciendam
404 2345 620 2436 periodorum
636 2346 941 2414 conformationem
952 2356 987 2413 et
998 2353 1214 2432 structuram,
1230 2347 1397 2433 quianon

117 2452 218 2519 modo
241 2454 421 2520 numerum
444 2461 479 2520 et
502 2454 594 2519 locos
618 2454 875 2520 enuntiatormn
895 2461 975 2520 ante
991 2453 1105 2520 oculos
1128 2459 1263 2540 ponunt
1284 2455 1395 2540 primo

118 2565 268 2646 aspectu,
295 2557 356 2624 sed
382 2559 487 2625 etiam
513 2559 780 2642 uniuscuiusque
807 2557 979 2626 enuntiati
1007 2557 1163 2628 ordinem
1184 2557 1339 2629 iudicant
1361 2564 1397 2624 et

117 2665 371 2730 accuratissime
393 2665 528 2749 docent,
552 2684 620 2749 quo
643 2663 744 2728 modo
768 2661 904 2748 singula
920 2663 1098 2736 enuntiata
1111 2663 1202 2730 inter
1224 2687 1261 2733 se
1277 2663 1394 2740 cohae-

117 2778 230 2855 reant;
253 2771 302 2837 sic
325 2777 435 2838 totam
456 2769 675 2859 periodorum
697 2769 843 2836 formam
865 2770 952 2840 bene
967 2771 1142 2840 declarant
1157 2775 1192 2837 et
1207 2780 1392 2861 exponunt,

118 2901 222 2966 quara
236 2902 307 2948 non
321 2881 554 2949 dubitavimus
570 2877 689 2946 eodem
705 2877 806 2946 medo
822 2901 861 2946 ac
876 2879 1098 2952 heumannus
1115 2879 1199 2946 haec
1221 2878 1393 2946 schemata

116 2985 293 3052 ascribere.

207 3091 282 3157 Iam
304 3097 515 3158 transeamus
537 3093 581 3158 ad
596 3091 769 3160 Catullum
791 3097 946 3157 nostrum
969 3098 1004 3158 et
1018 3089 1203 3178 videamus,
1226 3098 1393 3180 quatenus

118 3197 336 3286 periodorum
359 3197 628 3265 conformatione
650 3221 730 3274 usus
753 3198 808 3266 sit.

208 3301 1394 3395 Simpdcissimaperioduseaest,quaeunoenuntiatoprimarioetuno

119 3413 299 3483 enuntiato
312 3409 512 3481 secundario
525 3419 674 3495 constat;
685 3409 787 3477 bidus
798 3410 1216 3500 simplicissimae'pariodi
1231 3419 1395 3500 quattuor

118 3527 199 3586 sunt
210 3520 388 3610 genem*);
400 3527 461 3588 aut
470 3520 621 3609 priorem
631 3519 745 3584 locum
755 3516 888 3585 obtinet
900 3518 1116 3587 enuntiatum
1127 3519 1336 3607 primarium,
1343 3543 1394 3588 se-

118 3623 320 3691 cundarium
339 3628 503 3712 sequitur,
518 3633 580 3692 aut
599 3625 662 3691 hoc
683 3623 914 3711 antepositum
935 3630 996 3708 est,
1017 3624 1171 3710 sequitur
1186 3625 1393 3713 primarium,

118 3739 178 3799 aut
193 3728 431 3805 secundarium
444 3732 611 3798 insertum
626 3738 678 3798 est
691 3729 864 3819 primario,
880 3730 976 3801 cuius
990 3730 1143 3823 partibus
1158 3729 1392 3806 circumcludi-

119 3846 184 3923 tur,
199 3845 261 3904 aut
274 3837 475 3927 primarium
489 3837 677 3906 includitur
695 3837 850 3927 partibus
865 3834 1064 3921 secundarii,
1082 3837 1136 3912 cui
1150 3836 1318 3904 insertum
1332 3844 1392 3904 est.

206 3945 361 4013 Primum
387 3944 509 4032 igitur
523 3945 622 4012 nobis
650 3942 837 4030 colligendi
864 3949 946 4010 surm
973 3965 1014 4009 ex
1038 3943 1165 4018 Catulli
1187 3943 1392 4010 carminibus

118 4051 145 4119 ii
166 4051 299 4141 locist),
321 4053 381 4120 ubi
402 4047 536 4144 periodi
558 4057 705 4137 exstant,
728 4072 814 4137 quaa
837 4072 879 4115 ex
893 4071 962 4116 uno
978 4049 1157 4116 enuntiato
1172 4049 1333 4138 primario
1357 4055 1393 4117 et

189 4213 215 4284 *)
234 4213 275 4268 Cf.
295 4214 438 4282 taburno,
458 4211 661 4282 meduntense
680 4227 711 4268 rc.
735 4227 799 4282 pag.
819 4211 855 4266 60
872 4228 933 4280 sqq.
954 4240 987 4250 —
1007 4208 1179 4280 lttqetatorb,
1204 4208 1328 4277 eutitii,
1347 4207 1390 4265 ad.

117 4302 144 4358 II
161 4319 225 4374 pag.
245 4301 296 4358 417
315 4320 376 4372 sqq.

188 4391 230 4462 ⁴²¹¹)
249 4390 388 4460 Exempla
404 4407 441 4446 ex
457 4386 704 4452 Lachmannianae
721 4387 853 4446 editionis
872 4385 970 4443 ordine
994 4384 1149 4458 attulimus,
1173 4387 1239 4455 quia
1255 4386 1313 4442 fere
1329 4386 1391 4444 obi-

118 4498 172 4550 que
189 4479 403 4536 Lachmannum
425 4482 516 4537 secuti
539 4495 644 4548 sumus,
668 4479 726 4534 sive
750 4478 845 4533 varias
863 4477 999 4558 lectiones
1017 4477 1136 4554 respicis
1154 4476 1212 4540 sive
1233 4475 1391 4532 carminum

118 4570 342 4628 collocationem.
