3320 5012
676 77 875 144 ..21-

138 255 182 322 ad
204 255 392 344 periodum,
415 276 502 342 quae
524 276 566 320 ex
585 252 763 320 enuntiato
777 252 938 340 primario
954 257 995 318 et·
1004 252 1192 319 enuntiatis
1206 249 1414 330 secundariis

137 362 242 450 primi
265 363 394 429 ordinis
419 367 561 444 constat,
583 380 713 428 novum
735 359 950 430 enuntiatum
969 359 1025 426 ita
1034 360 1181 445 additur,
1196 366 1236 426 ut
1251 381 1292 425 ex
1308 383 1414 427 enun-

138 469 226 535 tiato
261 469 459 536 seeundario
493 467 596 556 primi
630 465 768 550 ordinis,
799 487 869 532 non
900 489 942 532 ex
971 467 1132 555 primario
1162 466 1318 556 pendeat,
1348 468 1414 534 hoo

138 576 356 642 enuntiatum
378 573 518 641 secundi
542 573 671 640 ordinis
696 595 769 640 esse
787 573 939 640 dicimus.
961 574 1074 642 Huius
1090 573 1220 642 ordinis
1236 575 1413 642 enuntiata

138 684 312 772 complura
345 682 510 768 coniungi
542 687 696 770 possunt,
731 681 804 746 sive
839 703 880 746 ex
912 702 982 748 uno
1017 679 1201 768 eodemque
1233 682 1412 748 enuntiato

137 790 337 856 secundario
359 789 463 877 primi
486 787 615 856 ordinis
639 787 711 854 sive
735 808 777 852 ex
799 787 944 854 diversis
966 789 1125 876 pendent.

225 897 379 962 Primum
411 902 526 962 autem
559 901 599 960 ut
632 917 652 959 a
685 893 889 981 simplioiore
922 893 1034 960 forma
1066 893 1295 978 exordiamur,
1329 893 1414 961 talia

136 1003 291 1091 exempla
312 1023 551 1091 proponamus,
576 1021 661 1087 quae
685 1021 726 1065 ex
751 1020 817 1064 uno
842 1001 1019 1066 enuntiato
1033 1001 1205 1089 primarie,
1222 1022 1290 1067 uno
1306 1019 1412 1068 enun-

135 1106 933 1195 1111111111111113111111111111111,11111111111
948 1105 1077 1174 ordinis
1093 1113 1259 1174 constent.
1275 1107 1412 1195 Simpli-

136 1215 270 1282 oissima
292 1221 332 1280 ut
354 1237 416 1302 per
438 1236 475 1279 se
497 1219 593 1302 patet
615 1211 765 1278 efficitur
786 1211 920 1300 periodi
938 1214 1056 1298 forma,
1073 1237 1150 1280 oum
1164 1219 1242 1302 post
1257 1213 1413 1280 enuntia-

135 1329 210 1389 tum
239 1321 439 1410 primarium
468 1321 618 1408 positum
647 1325 699 1384 est
728 1319 967 1386 secundarium
995 1320 1098 1408 primi
1126 1318 1256 1386 ordinis
1277 1327 1314 1386 et
1335 1327 1413 1409 post

133 1428 200 1494 hoo
227 1425 367 1493 secundi
393 1425 532 1512 ordinis,
561 1449 661 1513 quem
689 1426 946 1492 enuntiatorum
968 1425 1122 1496 ordinem
1144 1427 1412 1514 significavimus

133 1535 201 1599 hoo
216 1533 401 1600 schemate:
422 1532 463 1598 A.
486 1533 598 1600 Huius
614 1534 744 1599 formae
759 1531 850 1621 apud
862 1534 1036 1600 Catullum
1050 1535 1244 1602 invenimus
1259 1537 1413 1623 exempla

134 1639 232 1706 haee:
417 1628 453 1634 “

418 1735 453 1812 ἆ

161 1854 193 1937 2,
210 1875 325 1938 11-13:
349 1853 434 1919 Tam
458 1859 595 1940 gratum
618 1858 669 1918 est
692 1852 902 1938 mihiquem
924 1852 1043 1921 fenmt
1063 1854 1197 1941 puellae

349 1959 486 2026 Pernioi
509 1960 683 2026 aureolum
704 1959 809 2025 fuisse
832 1959 959 2026 malum

351 2066 453 2146 Quod
475 2087 597 2132 zonam
619 2064 724 2133 soluit
747 2066 806 2132 diu
829 2066 1017 2156 ligatam.

133 2193 313 2277 17,23.-26;
337 2192 451 2276 28,6-
455 2212 482 2274 8;
504 2191 647 2276 59,1-5,
668 2193 886 2278 61,16-163;
903 2193 1084 2278 6237,62
1092 2214 1161 2262 61
1164 2194 1409 2280 61364,7r*—75;

131 2301 184 2384 67,
198 2319 318 2384 45-46,
343 2298 387 2364 68
387 2317 561 2383 ,147-148,
587 2299 699 2384 114,3.

220 2421 335 2487 Tres'
325 2421 520 2488 invenimus
542 2420 733 2510 periodos
723 2445 761 2487 m
784 2423 906 2510 quibus
929 2421 1145 2490 enuntiatum
1172 2407 1410 2495 secundarium

131 2528 234 2617 primi
264 2527 392 2594 ordinis
421 2527 568 2595 includit
598 2529 815 2595 enuntiatum
845 2527 1083 2648 secundarium
1113 2532 1253 2598 seoundi
1280 2531 1409 2600 ordinis

130 2634 197 2701 hoo
219 2633 319 2701 modo
354 2635 400 2702 A:

319 2743 421 2832 a(a)a

218 2849 366 2933 53,1.-5:
390 2847 467 2914 Risi
489 2847 706 2933 nescioquem
728 2848 828 2913 modo
853 2870 871 2913 e
894 2869 1027 2938 eorona,

388 2955 484 3038 Qui,
490 2976 567 3019 oum
589 2951 733 3019 mirifice
755 2953 962 3020 Vatiniana
1026 2972 1029 2979 ’
1063 2983 1067 2989 ·
1153 3041 1156 3048 Ι

388 3061 485 3125 Μ111
509 3059 651 3125 erimina
674 3059 800 3127 Oalvus
823 3061 1033 3153 explicasset,
1147 3052 1152 3061 ¹

388 3165 573 3232 Admirans
596 3165 648 3231 111
667 3163 781 3232 11111
774 3189 961 3253 manusque
983 3167 1122 3236 tollens:

390 3273 454 3357 ,Di
477 3271 604 3358 magni,
627 3271 832 3360 salaputium
852 3271 1085 3340 disertum!“
1139 3279 1141 3287 ’
1250 3281 1252 3289 ’
1283 3278 1307 3292 ”
1387 3255 1391 3266 ’

131 3399 352 3482 61,101-109;
375 3398 428 3481 so,
442 3417 519 3481 5-⁶.

220 3524 335 3590 Unot
321 3529 457 3589 tantum
478 3522 553 3588 loeo
577 3521 794 3589 enuntiatum
816 3523 1015 3611 primarium
1038 3525 1191 3590 enutiata
1210 3491 1409 3591 secundaria

129 3631 307 3716 utriusque
324 3628 453 3697 ordinis
470 3628 617 3695 includit
632 3629 698 3696 hoo
712 3629 813 3696 modo
829 3629 928 3796 A(a
923 3630 1020 3798 )A5
1013 3630 1181 3719 ,legimus
1196 3631 1284 3698 hano
1299 3633 1407 3720 perio-

130 3738 213 3803 dum
235 3738 387 3821 58,1-3,
906 3760 932 3800 α

388 3842 491 3926 Caeli,
515 3842 638 3918 Lesbia
660 3849 787 3926 nostra,
810 3843 934 3926 Lesbia
956 3843 1026 3927 illa,

386 3949 451 4014 llla
474 3936 605 4032 Lesbia,
629 3970 732 4034 quam
755 3947 909 4016 Catullus
932 3971 1036 4015 unam
1256 4033 1262 4046 Γ

385 4054 467 4119 Ρ111
491 4075 592 4139 quam
615 4077 651 4120 se
673 4061 777 4140 atque
799 4077 876 4122 suos
900 4055 1029 4121 amavit
1052 4075 1179 4139 omnes,
1237 4064 1239 4072 '
1369 4045 1371 4053 ⁸

386 4161 487 4228 Nunc
509 4159 557 4226 in·
570 4160 758 4246 quadriviis
776 4149 818 4225 ’11
840 4161 1032 4263 angiportis
1089 4237 1091 4244 Ι

387 4265 508 4332 Glubit
531 4267 766 4352 magnanimos
789 4267 891 4332 Remi
912 4274 1061 4355 nepotes.
1097 4347 1099 4354 ⁴

218 4387 351 4455 Deinde
382 4389 560 4456 enuntiata
589 4388 789 4456 secundaria
820 4391 924 4474 etiam
952 4387 1211 4480 anteponuntur
1235 4391 1407 4478 primario,

128 4494 188 4566 sed
210 4517 317 4566 unum
339 4501 475 4564 tantum
497 4495 610 4564 looum
632 4495 697 4562 hoo
720 4497 820 4562 modo
840 4497 924 4597 11Α
947 4496 1142 4568 ordinatum
1164 4498 1391 4588 invenimus„

846 4626 868 4670 α
