3320 5012
776 4 974 85 „14-

328 191 403 260 Iam
429 195 627 284 priusquam
653 193 697 260 ad
724 194 852 261 Catulli
878 190 1037 281 periodos
1063 187 1260 259 secundos
1291 195 1524 276 transeamus,

241 301 406 366 nonnulla
428 301 527 367 nobis
549 301 651 367 liceat
671 301 898 389 praemittere.

328 406 406 472 Duo
430 414 510 473 sunt
532 429 659 493 genera
681 407 945 491 enuntiatorum,
968 407 1011 473 de
1038 406 1159 494 quibus
1180 405 1251 472 iem
1272 427 1375 494 supra
1396 405 1522 494 paucis

240 511 396 578 diximus
418 512 492 579 Aut
507 514 598 579 enim
613 513 829 579 enuntiatum
844 535 905 602 per
919 536 955 579 se
969 513 1119 600 positum
1142 519 1204 597 est,
1227 518 1267 578 ut
1289 533 1310 578 a
1331 510 1521 578 nulloalio

238 619 396 707 pendeat,
420 626 455 685 et
477 625 551 685 tum
573 620 610 686 id
633 619 797 704 continet,
821 620 912 705 quod
933 619 1081 685 maxima
1102 619 1139 685 vi
1166 616 1349 684 dicendum
1371 624 1424 684 est
1446 620 1522 704 (bea

239 725 511 815 bccptgctcabn),
539 732 599 793 aut
621 726 681 791 clii
703 726 882 792 enuntiato
908 724 959 792 ita
981 726 1190 810 adiunctum,
1218 732 1259 792 ut
1281 725 1356 791 sine
1377 725 1438 790 illo
1460 725 1518 792 in-

239 832 352 918 telligi
374 854 444 898 non
466 833 584 921 posuit,
609 833 663 898 cni
689 831 945 918 introducendo,
967 833 1244 922 praemuniendo,
1267 833 1517 921 prosperando,

239 937 439 1028 explicando
454 940 607 1006 inservit.
631 939 759 1006 Prioris
781 940 917 1026 generis
940 940 1118 1005 enuntiata
1139 939 1304 1027 primaria
1317 941 1517 1028 (bouptldbe)

237 1051 414 1128 vocantur,
438 1052 550 1110 cetera
573 1045 687 1111 omnia
709 1044 909 1112 secundaria
931 1045 1173 1135 (ilcbeultteb')

326 1152 421 1218 Haec
448 1152 627 1218 enuntiata
655 1153 862 1237 secundaria,
890 1174 977 1238 quae
1003 1153 1154 1242 pendent
1177 1173 1219 1217 ex
1241 1151 1420 1218 enuntiato
1442 1152 1518 1240 pri-

237 1259 355 1344 mari0,
378 1259 557 1325 enuntiate
579 1258 778 1325 secundaria
799 1259 902 1348 primi
925 1256 1054 1325 ordinis
1076 1259 1247 1325 nominari
1270 1259 1381 1324 solent
1403 1265 1440 1323 et
1461 1253 1517 1324 se-

238 1366 406 1432 cernenda
433 1372 513 1431 sunt
540 1365 583 1432 ab
610 1365 654 1430 iis
681 1364 883 1449 enuntiatis,
911 1386 998 1450 quae
1029 1365 1071 1430 ab
1100 1365 1278 1430 enuntiato
1311 1364 1517 1430 secundario

237 1472 341 1562 primi
363 1470 492 1538 ordinis
515 1478 683 1558 reguntur
706 1478 741 1536 et
763 1470 827 1537 hac
850 1469 892 1536 de
916 1491 1016 1536 causa
1038 1472 1217 1538 enuntiata
1239 1471 1438 1542 secundaria
1460 1493 1517 1536 se-

238 1577 341 1645 cundi
368 1576 498 1644 ordinis
526 1584 707 1662 vocantur,
736 1599 778 1642 ex
805 1577 927 1663 quibus
954 1578 1080 1644 iterum
1108 1579 1286 1644 enuntiata
1312 1577 1518 1643 secundaria

237 1683 334 1750 tertii
357 1683 495 1769 ordinis,
524 1691 626 1770 atque
653 1706 695 1749 ex
717 1683 771 1750 his
799 1685 977 1750 enuntiata
1004 1684 1203 1751 secundaria
1229 1683 1343 1770 quarti
1370 1683 1516 1768 ordinis,

238 1813 281 1857 ex
296 1791 418 1876 quibus
433 1788 580 1875 denique
596 1789 709 1876 quinti
724 1789 853 1855 ordinis
868 1789 1027 1878 pendent.
1050 1791 1127 1856 Hoc
1147 1792 1335 1857 tenendum
1353 1799 1415 1874 est,
1431 1812 1518 1855 nam

238 1897 433 1986 saepissime
454 1897 493 1962 in
515 1897 557 1962 iis
580 1919 666 1983 quae
682 1903 870 1981 sequuntur
891 1896 945 1962 his
968 1897 1161 1964 nominibus
1181 1921 1202 1963 a
1216 1898 1385 1986 plerisque
1400 1897 1517 1986 philo-

238 2004 327 2090 logis
350 2003 497 2093 acceptis
521 2010 556 2069 et
579 2003 806 2091 comprobatis
828 2003 927 2070 nobis
949 2004 1116 2070 utendum
1139 2005 1215 2089 erit,
1238 2011 1279 2070 ut
1300 2005 1432 2072 variam
1453 2026 1517 2092 pe-

237 2111 411 2177 riodorum
434 2109 712 2198 compositionem
735 2117 771 2176 et
793 2111 1048 2177 enuntiatorum
1071 2112 1316 2177 connexionem
1336 2111 1436 2177 certis
1450 2131 1518 2176 no-

238 2218 387 2284 minibus
410 2217 649 2304 significemus.
677 2217 772 2296 Quae
795 2225 923 2303 quanta
945 2218 991 2282 sit
1013 2218 1161 2284 varietas
1183 2219 1402 2306 periodorum
1423 2216 1517 2283 Leh-

239 2346 383 2389 mannus
410 2324 448 2389 in
473 2323 534 2388 illo
562 2322 660 2406 libro,
688 2323 748 2408 qui
776 2329 828 2388 est
854 2321 897 2388 de
927 2322 1163 2411 „periodorum
1184 2325 1435 2391 mechanism0“
1460 2347 1516 2389 ac-

239 2430 450 2496 curatissime
471 2428 596 2495 docuit.
631 2429 684 2495 Ob
705 2428 794 2495 hanc
820 2451 1042 2517 permagnam
1063 2431 1267 2498 varietatem
1289 2431 1434 2518 singulis
1456 2431 1516 2496 lit-

239 2537 321 2603 teris
344 2536 553 2624 significavit
575 2537 753 2605 enuntiata
775 2537 912 2623 singula
940 2543 975 2603 et
997 2537 1058 2604 has
1085 2538 1217 2604 litterar
1239 2537 1289 2605 ita
1312 2539 1515 2626 composuit,

238 2649 279 2709 ut
300 2643 411 2732 primo
434 2649 572 2732 aspectu
595 2665 697 2729 quam
724 2641 966 2709 dilucidissime
993 2645 1153 2731 cognosci
1179 2643 1297 2733 possit,
1322 2666 1388 2730 quo
1411 2643 1516 2709 modo

238 2771 461 2836 unaquaeque
487 2747 645 2837 periodus
673 2749 718 2814 sit
745 2750 940 2837 composita.
978 2751 1144 2817 Nonnulli
1167 2751 1322 2817 homines
1345 2751 1448 2832 docti,
1472 2773 1516 2815 ex

239 2856 362 2943 quibus
376 2855 517 2922 nomino
533 2855 829 2942 Engelhardtium,
844 2855 1042 2944 Augustum
1056 2859 1186 2945 Lange,
1199 2880 1277 2924 eum
1292 2857 1420 2924 imitati
1435 2857 1514 2940 alio,

239 2963 299 3031 sed
321 2963 426 3030 simili
447 2963 549 3029 modo
565 2963 654 3029 hene
669 2963 924 3030 enuntiatorum
940 2966 1207 3054 complexionem
1223 2965 1514 3052 significaverunt.

239 3071 455 3138 thnastius
477 3071 515 3136 in
537 3069 625 3136 libro
650 3071 709 3155 qui
731 3071 929 3137 inscribitur
946 3074 1026 3151 „ab
1041 3069 1250 3162 &dubitabile
1265 3073 1315 3144 bet
1330 3074 1515 3158 [lolootltben

240 3181 387 3265 &catast
412 3177 513 3243 aliam
535 3177 629 3243 viam
655 3178 840 3265 proposuit,
867 3176 927 3246 sed
954 3179 1066 3246 minus
1092 3180 1314 3268 perspicuam.
1351 3178 1515 3264 Naegels-

240 3284 380 3351 bachius
402 3283 461 3349 ille
477 3283 681 3350 clarissimus
696 3283 888 3350 Lehmanni
902 3285 1071 3351 rationem
1087 3286 1218 3373 accepit
1240 3291 1276 3350 et
1297 3306 1360 3352 nos
1381 3305 1515 3371 quoqne

239 3390 328 3457 hanc
351 3391 504 3456 omnium
519 3411 591 3456 esse
606 3388 816 3478 aptissimam
831 3397 867 3456 et
881 3393 1029 3458 maxime
1046 3392 1261 3481 perspicuam
1274 3398 1435 3479 putantes
1450 3390 1514 3455 hac

240 3497 278 3563 in
301 3497 585 3563 commentatione
608 3495 845 3564 Lehmannum
867 3499 976 3564 secuti
999 3519 1122 3564 sumus.
1156 3497 1275 3565 Liceat
1296 3497 1405 3584 igitur
1426 3497 1515 3562 hanc

240 3603 409 3672 rationem
431 3601 547 3691 paucis
570 3624 747 3692 exponere.
775 3603 1051 3691 Significavimus
1075 3606 1253 3676 enuntiata
1274 3605 1437 3694 primaria
1457 3605 1514 3669 lit-

241 3711 324 3776 teris
351 3699 546 3777 maiusculis
575 3732 657 3797 quas
680 3718 807 3778 vocant
832 3712 874 3797 A,
897 3712 937 3797 B,
959 3713 987 3778 O
1011 3720 1083 3798 cet,
1111 3713 1290 3780 enuntiate
1317 3711 1516 3778 secundaria

240 3817 343 3906 primi
370 3815 499 3885 ordinis
525 3817 651 3884 litteris
673 3818 871 3886 minusculis
893 3842 923 3903 a,
946 3819 977 3904 b,
1001 3844 1019 3886 c
1042 3829 1115 3905 cet,
1143 3820 1284 3887 secundi
1306 3818 1436 3886 ordinis
1458 3819 1514 3885 lit-

242 3923 324 3990 teris
347 3924 478 4010 graecis
501 3947 533 4008 a,
548 3930 614 4013 dy
636 3932 709 4010 cet,
733 3926 777 3992 ad
799 3926 895 3992 tertii
918 3934 1033 3993 eutem
1056 3928 1191 4014 generis
1207 3926 1515 3994 enuntiatasecun-

313 4122 341 4192 ¹⁸)
360 4121 400 4175 cf.
420 4120 604 4190 Engclhardt,
625 4121 659 4175 de
679 4121 861 4190 periodorum
881 4123 1094 4178 Platonicorum
1113 4127 1266 4191 structura,
1286 4124 1316 4178 P.
1336 4123 1349 4178 Ι
1367 4139 1431 4192 pag.
1451 4123 1468 4176 3
1486 4123 1514 4176 iu

243 4209 341 4280 Progr.
362 4209 459 4276 Gymu.
479 4207 653 4264 Gedanensis
673 4209 754 4279 18533
779 4211 809 4264 P.
829 4213 856 4266 11
874 4229 937 4282 pag.
957 4214 972 4265 1
993 4231 1034 4281 sq.
1057 4215 1087 4268 in
1106 4215 1204 4285 Progr.
1224 4214 1321 4281 (ry-mn.
1342 4214 1515 4269 Gedanensis

243 4299 322 4352 1864.
342 4330 375 4338 -
394 4297 538 4366 Augustus
551 4298 655 4366 Lange,
675 4299 709 4352 de
722 4301 926 4368 compositione
938 4301 1127 4370 periodorum,
1141 4303 1280 4372 imprimis
1294 4303 1515 4369 Platonicorum,

243 4403 308 4456 pag.
327 4387 392 4440 bin
411 4387 510 4455 Progr.
529 4385 644 4440 Vratisl.
664 4387 741 4442 1849.
760 4417 795 4428 -
814 4389 940 4444 Isidorus
959 4391 1077 4460 Ttuber,
1104 4394 1138 4448 de
1157 4393 1399 4447 enuntiationibus
1419 4411 1451 4448 ac
1469 4410 1516 4462 pe·

245 4475 334 4530 riodis
353 4478 382 4529 et
400 4474 497 4529 latinis
516 4475 545 4528 et
563 4477 739 4542 germanicis.
759 4477 882 4532 Viennae
903 4477 971 4532 1839
989 4495 1053 4549 pag.
1073 4481 1097 4534 3.
