3320 5012
815 83 1016 168 ...58-

275 277 396 344 eodeni
417 274 518 342 modo
541 275 721 365 participia
742 281 959 364 usurpantur,
976 273 1036 341 sed
1051 273 1160 340 multo
1176 271 1389 363 frequentior
1404 279 1459 340 ast
1472 295 1572 340 usus

274 386 312 450 in
341 384 546 450 carminibus
576 385 719 468 62—68,
749 383 871 470 quibus
894 383 1068 449 Catullum
1097 380 1350 448 Alexandrinos
1379 381 1570 448 imitatum

270 513 347 556 esse
374 495 516 556 constat.
552 491 765 578 Quamquam
791 491 818 556 ii
840 491 899 577 qui
922 488 965 555 de
987 489 1123 556 Catullo
1147 489 1355 556 Graecorum
1377 487 1571 555 imitatore

274 604 420 683 egerunt
452 597 541 663 hanc
574 619 647 663 rem
680 619 749 662 non
783 597 984 684 tetigerunt,
1020 601 1135 661 tamen
1169 595 1257 661 hanc
1294 594 1568 684 pmticipiorum

274 704 539 771 cumulationem
568 704 606 769 in
634 704 688 770 his
718 704 923 772 carminibus
952 709 1038 791 puto
1069 708 1179 768 ortam
1208 721 1281 768 esse
1310 723 1353 766 ex
1383 721 1432 784 eo,
1464 700 1568 787 quod

274 811 426 900 epitheta
452 811 723 895 innumerabilia,
753 810 875 897 quibus
902 831 1011 876 sermo
1035 808 1184 875 Graecus
1207 806 1368 893 abundat,
1391 805 1460 873 hoc
1484 808 1568 873 solo

273 919 374 985 modo
396 917 434 982 in
456 917 601 982 latinam
623 917 778 1002 linguam
802 911 1000 984 convertere
1022 915 1136 1004 potuit
1148 914 1310 980 Catullus
1335 913 1403 980 Sed
1417 920 1568 1002 tempus

274 1044 346 1090 non
368 1029 420 1088 est
442 1022 508 1088 hoc
529 1023 605 1087 loco
627 1023 815 1090 accuratius
830 1023 998 1112 explicare
1014 1022 1102 1088 hano
1117 1043 1196 1087 rem
1221 1019 1378 1087 Sufficiat
1392 1021 1567 1087 statuisse

273 1130 328 1196 his
350 1129 388 1194 in
411 1129 617 1196 carminibus
639 1131 747 1197 multo
770 1130 869 1218 plura
891 1129 1072 1220 participia
1095 1134 1227 1196 exstare
1250 1148 1352 1215 quam
1367 1127 1405 1193 in
1421 1128 1566 1194 ceteris.

411 1433 640 1560 Quatenus
673 1431 882 1531 Catullus
915 1429 1134 1553 asyndeta
1167 1429 1417 1536 admiserit.

363 1659 416 1724 De
444 1660 603 1746 asyndeti
630 1665 753 1725 natura
778 1665 813 1724 et
839 1681 904 1725 usu
930 1659 1092 1748 permulti
1119 1659 1274 1726 homines
1301 1659 1404 1744 docti,
1435 1683 1560 1746 quam-

276 1787 377 1852 quam
405 1763 628 1832 disertissime
655 1773 691 1831 et
720 1765 913 1832 acutissime
940 1767 1056 1833 omnia
1082 1789 1168 1853 quae
1196 1767 1264 1832 huo
1291 1773 1450 1855 spectant
1478 1791 1559 1856 per-

276 1878 521 1958 tractaverunt,
554 1873 692 1938 omnino
722 1893 792 1939 non
823 1875 1051 1947 consentiunt.
1102 1873 1296 1960 Draegerus
1327 1873 1387 1959 qui
1416 1874 1559 1962 copiose

275 1975 317 2046 de
340 1979 405 2044 hoc
428 1979 632 2046 Latinorum
655 1978 791 2046 dicendi
811 2003 877 2046 usu
900 1980 1068 2066 disseruit,
1096 2001 1217 2069 parum
1238 1980 1416 2069 perspicue
1438 1979 1556 2070 dispo-

275 2085 346 2152 suit
373 2109 422 2169 ea,
452 2110 538 2173 quae
566 2088 609 2153 ad
637 2086 874 2176 explicandam
900 2110 972 2153 rem
996 2075 1153 2172 contulit,
1183 2085 1275 2174 quod
1296 2086 1388 2153 idem
1411 2086 1453 2152 de
1477 2088 1554 2154 Wi-

275 2193 385 2269 cberti
414 2193 625 2282 expositione
653 2192 834 2260 dicendum
862 2201 921 2260 est.
971 2194 1092 2280 Neque
1120 2194 1293 2262 Gustavus
1324 2195 1468 2282 Bromig
1496 2195 1554 2285 (de

267 2298 434 2384 ¹asyndeti
449 2305 571 2365 natura
587 2306 622 2364 et
637 2299 727 2388 apud
738 2300 948 2386 Aeschylum
962 2320 1034 2365 usu.
1051 2298 1127 2366 diss.
1140 2301 1254 2388 inaug.
1271 2300 1427 2388 Gotting.
1442 2302 1552 2388 1879),

275 2404 334 2504 qui
356 2403 518 2488 Dissenii,
546 2402 734 2470 Godofredi
761 2407 961 2490 Hermanni,
992 2406 1253 2492 Naegelsbachii
1281 2407 1431 2474 rationes
1458 2408 1552 2475 inter

276 2534 311 2576 se
334 2518 544 2600 comparatas
567 2513 770 2600 percensuit,
793 2536 866 2579 rem
889 2515 1010 2581 melius
1034 2514 1228 2603 explicavit,
1251 2536 1333 2580 nam
1356 2539 1551 2584 011111010-

275 2623 388 2682 terum
417 2618 675 2684 definitionibus
706 2619 786 2684 solis
819 2620 1102 2708 proficiscendum
1136 2643 1207 2688 esse
1240 2629 1387 2710 putaret,
1422 2631 1551 2690 rectam
1645 2655 1646 2710 2

273 2725 366 2788 viam
381 2747 451 2789 non
466 2725 554 2790 iniit.
596 2724 758 2791 Omnium
781 2727 917 2814 optime,
939 2734 980 2794 ut
1001 2749 1064 2793 nos
1088 2727 1226 2814 quidem
1250 2727 1435 2816 opinamur,
1459 2731 1550 2796 Nae·
1645 2713 1646 2798 l

273 2829 488 2915 gelsbachius
518 2838 553 2894 et
582 2853 669 2916 quae
699 2839 787 2897 esset
816 2834 975 2918 asyndeti
1008 2839 1131 2901 natura
1166 2836 1352 2928 explicavit
1384 2843 1419 2901 et
1451 2837 1551 2903 varia

273 2936 432 3021 asyndeti
459 2958 586 3022 genera
614 2934 780 3002 distinxit.
826 2938 945 3006 Liceat
973 2941 1090 3029 igitur,
1118 2945 1323 3030 quamquam
1349 2965 1419 3009 non
1445 2966 1547 3031 nega·

274 3063 349 3106 mus
372 3041 476 3106 etiam
498 3042 582 3108 alios
606 3061 677 3108 non
698 3065 805 3130 pauca
829 3043 1009 3130 addidisse,
1041 3047 1164 3134 quibus
1187 3048 1346 3135 asyndeti
1368 3055 1490 3116 natura
1512 3058 1546 3116 et

273 3169 353 3212 usus
380 3148 569 3213 accuratius
597 3157 819 3237 exponantur,
847 3150 911 3216 hac
939 3153 977 3218 in
1004 3155 1201 3240 quaestione
1229 3157 1325 3242 sequi
1355 3154 1544 3245 dispositio·

273 3273 351 3316 nem
375 3253 643 3338 Naegelsbaohii.
1031 3263 1033 3266 ’
1488 3277 1490 3282 ·

362 3358 429 3422 Η10
452 3355 519 3423 duo
535 3358 693 3445 asyndeti
708 3384 835 3448 genera
850 3362 1073 3431 discernenda
1088 3389 1159 3432 esse
1176 3365 1273 3451 dicit;
1295 3369 1442 3434 alterum
1457 3367 1542 3455 quod

274 3465 478 3548 asyncletum
500 3487 620 3531 verum
642 3467 699 3533 vel
724 3469 901 3557 proprium
923 3478 1025 3537 vocat
1052 3471 1209 3557 efficitur,
1239 3497 1315 3539 cum
1338 3473 1542 3541 coniunctio-

274 3591 342 3653 nes,
365 3570 488 3655 quibus
511 3573 689 3639 enuntiata
713 3576 849 3662 singula
872 3578 1028 3666 componi
1052 3579 1172 3662 solent,
1193 3581 1406 3665 emittuntur,
1422 3588 1462 3647 ut
1477 3604 1540 3648 om·

273 3676 331 3741 nia
354 3686 646 3762 quae-narrantur
667 3703 736 3746 uno
760 3684 944 3770 eodemque
971 3691 1122 3773 tempore
1146 3686 1237 3753 facta
1260 3709 1330 3753 esse
1354 3687 1540 3772 videantur,

273 3789 313 3848 nt
335 3783 512 3851 notissimo
536 3784 597 3851 illo
621 3786 771 3854 Caesaris
797 3791 907 3876 ,veni
930 3789 1014 3875 vidi,
1037 3792 1135 3859 1101.α
1171 3795 1248 3860 Hoc
1271 3795 1473 3881 asyncletum
1488 3819 1539 3861 ve·

273 3910 348 3953 rum
377 3890 433 3954 vel
459 3892 634 3978 proprium
657 3882 693 3957 in
715 3894 764 3961 eis
788 3918 922 3982 quoque
945 3897 1029 3963 locis
1053 3905 1173 3984 exstat,
1205 3901 1264 3967 ubi
1287 3907 1389 3990 poeta
1411 3924 1537 3968 accura-

273 3993 342 4060 tius
365 3992 532 4082 depingit,
561 4004 689 4082 quanta
716 4001 889 4068 celeritate
917 4003 1052 4089 singula
1082 4003 1173 4072 facta
1195 4007 1273 4092 siut,
1298 4008 1537 4074 etiamsinon

272 4122 341 4166 uno
364 4097 549 4187 eodemque
572 4111 724 4193 tempore
747 4105 837 4172 facta
860 4115 951 4192 sunt,
976 4109 1066 4194 quod
1081 4112 1370 4198 Naegelsbacbius
1385 4137 1462 4202 pag.
1477 4117 1536 4181 563

274 4205 429 4295 exposuit
456 4207 509 4272 his
536 4210 666 4276 verbis:
706 4215 812 4298 „ectr
841 4215 940 4302 ttufiq
972 4218 1099 4305 tuqeqes
1130 4219 1203 4302 stat,
1235 4221 1388 4302 belonteta
1418 4223 1463 4292 bel
1488 4225 1536 4292 tes

273 4315 459 4400 billonius,
483 4317 730 4405 caussasse
755 4323 786 4388 lu
809 4323 928 4404 uelites
952 4323 1007 4392 tua
1024 4324 1192 4409 stacteus
1214 4348 1291 4413 11001·
1315 4329 1387 4412 tritt
1403 4331 1448 4398 bie
1463 4333 1535 4402 llic

273 4419 347 4508 lacq
372 4423 434 4504 tat
457 4424 584 4506 mettere
606 4424 806 4512 bucbluuqeu
829 4427 879 4511 litt
902 4429 946 4497 aa
969 4429 1154 4518 acriculus
1178 4435 1209 4500 ic
1225 4436 1325 4502 'ciuem
1346 4437 1532 4522 1110010011

273 4532 482 4608 concessus,
506 4528 576 4598 aba
599 4529 662 4614 tut
686 4531 740 4605 bec
763 4535 884 4630 131010,
907 4535 961 4612 tes
984 4535 1096 4628 rctqeu
1119 4537 1257 4626 bertoal-
1272 4540 1322 4610 tet
1346 4541 1532 4629 beqcbeutet
